2896 4716
402 325 931 390 ouscunuvtttotu
1162 329 1224 400 189

14 419 17 512 Ι
100 476 151 554 hi,
181 476 267 560 qnod
286 479 410 555 srstim,
436 483 558 563 qnando
576 481 670 546 venio
689 481 729 546 sd
747 483 894 558 Romam,
925 481 1022 546 debeo
1039 483 1129 548 volsis
1148 487 1227 550 seri·
1331 486 1336 490 ’

99 583 187 648 bem,
219 581 378 658 quomodo
393 581 537 642 munsivit
557 581 636 646 mihi
656 582 691 644 in
709 583 762 644 via
775 603 844 664 por
863 582 984 657 omnis,
1019 593 1051 644 et
1070 587 1225 665 quomodo

99 689 151 738 rto.
179 679 295 755 Quoad
315 677 475 741 sanitatem
496 683 650 760 corporis,
670 680 786 756 uniatis,
811 680 894 760 qnod
915 680 954 740 de
972 680 1070 760 gratie
1089 685 1151 744 Dei
1171 685 1227 748 od·-

98 777 156 837 huo
176 797 248 836 aum
268 796 379 850 unus,
400 787 431 839 et
443 779 670 853 rellemetianr
690 779 831 842 devolvis
849 779 983 840 libenter
1002 763 1120 856 audire,
1141 785 1229 863 quod

98 876 165 936 eatis
186 891 299 934 senust
329 873 383 934 sed
402 897 512 956 spero,
540 877 567 938 si
588 881 659 942 vult
676 878 829 940 Dominus
849 879 951 952 Deus,
981 879 1064 958 qnod
1086 881 1157 966 estis
1177 903 1227 942 saa

98 996 161 1049 nus,
181 983 215 1034 et
230 972 315 1034 facio
335 973 424 1034 robis
445 983 565 1052 notum,
585 977 719 1059 qualitor
735 977 848 1051 statim,
867 977 991 1057 quaudo
1010 979 1085 1039 veni
1106 981 1227 1042 deo-

98 1073 236 1154 gunsina
254 1073 289 1132 iu
310 1070 481 1152 hospitium
501 1076 661 1152 Coronae,
681 1089 757 1138 tune
776 1075 885 1136 inveni
904 1076 949 1136 ibi
969 1079 1117 1155 quosdam
1130 1079 1227 1150 viros,
1313 1109 1316 1122 ·

98 1173 149 1252 qui
167 1171 380 1252 loquebantur
397 1172 436 1233 de
455 1188 546 1234 rause
566 1174 656 1250 fidei,
688 1183 722 1236 et
741 1188 807 1236 erst
824 1193 883 1255 pro
902 1175 1038 1236 Dootore
1056 1178 1228 1253 Reuchlin,

98 1281 126 1332 et
145 1268 272 1351 quando
302 1269 468 1345 viderunt,
489 1274 572 1352 quod
592 1267 648 1354 ego
675 1295 743 1336 aum
767 1265 976 1348 Coloniensis,
1010 1273 1112 1336 adhuo
1131 1277 1229 1355 magis

96 1370 316 1450 loquebantur,
355 1381 388 1428 et
415 1369 559 1432 feceruut
580 1372 661 1433 mihi
679 1374 714 1436 iu
735 1371 929 1452 despectum,
971 1379 1003 1431 et
1021 1373 1229 1438 laudaverunt

96 1471 204 1530 Ioanu.
222 1466 379 1538 Reuohlin
409 1477 440 1529 et
466 1470 733 1552 parvipenderunt
752 1471 917 1550 Magistros
936 1479 1056 1534 nostros
1075 1474 1110 1534 in
1131 1476 1228 1536 Golo-
1252 1487 1257 1490 ·
1423 1543 1427 1554 ¹

94 1568 166 1643 niu,
202 1578 234 1630 et
253 1569 415 1641 dixerunt,
450 1571 535 1647 quod
557 1583 657 1630 essent
684 1570 932 1652 vespertiliones,
964 1589 1043 1650 quse
1064 1573 1147 1634 nihil
1168 1573 1228 1635 hs·-
1339 1553 1341 1563 Α

92 1670 170 1730 bent
189 1687 279 1746 ogere
298 1667 334 1728 iu
352 1665 433 1741 lnce,
454 1667 509 1726 sed
530 1671 639 1730 volant
658 1669 692 1730 iu
713 1667 867 1742 tenebrir,
890 1681 921 1727 ot
935 1678 1066 1732 tractant
1085 1671 1228 1733 obscuri-

91 1778 185 1827 tates.
225 1767 316 1826 Tunc
337 1782 388 1842 ego
409 1763 496 1824 dixi:
520 1766 673 1847 Audiutur
691 1787 762 1848 pars
782 1767 886 1828 alteru.
927 1769 968 1829 lit
982 1770 1116 1849 allegavi
1133 1770 1230 1830 flores

91 1860 220 1946 legum,
243 1875 274 1922 et
286 1863 343 1944 ipsi
356 1863 541 1942 inceperunt
560 1885 611 1926 me
630 1867 755 1928 irritare
776 1865 881 1930 multis
901 1867 990 1927 mulis
1010 1869 1122 1942 verbis,
1143 1871 1232 1950 quod

92 1964 181 2023 dixi:
217 1961 304 2040 Quid
325 1960 404 2022 mihi
426 1979 497 2020 oum
518 1963 698 2025 Reuohlinl
720 1963 903 2045 permittatis
922 1981 973 2026 me
993 1969 1155 2030 comedere
1168 1989 1227 2050 pro

92 2061 227 2142 pecunia
246 2081 325 2122 men.
367 2061 407 2122 Et
427 2061 553 2142 potestis
575 2063 696 2124 dicere:
723 2065 762 2124 D·
778 2063 965 2139 Wilhelme,
994 2086 1052 2126 vos
1069 2067 1228 2128 debuisse-

92 2161 132 2220 tis
152 2179 382 2240 perseverane,
403 2171 434 2222 ot
451 2162 596 2224 audacter
616 2163 810 2244 respondisse
830 2163 914 2242 ipsis.
976 2163 1101 2238 Sciatis,
1142 2166 1226 2244 qnod

92 2276 157 2318 non
179 2267 226 2318 est
245 2258 434 2325 faciendum:
446 2259 479 2318 in
501 2261 561 2321 isto
581 2262 665 2338 looo;
685 2272 716 2324 et
735 2260 854 2334 audivi,
874 2259 958 2340 quod
977 2274 1079 2340 nuper
1099 2281 1178 2322 unsis
1190 2263 1226 2324 in

90 2357 150 2417 isto
174 2353 313 2437 hospitio
342 2351 408 2440 inst
432 2378 593 2439 percussus
620 2381 690 2420 oum
719 2379 781 2420 uno
804 2377 950 2431 scamno,
985 2358 1068 2437 quod
1086 2359 1233 2430 defendit¹

89 2456 281 2538 Magistrum
292 2451 440 2540 poltrum
460 2459 606 2519 iacobum
626 2460 666 2520 de
686 2460 880 2539 Hogstraten,
904 2455 977 2536 quin
997 2456 1047 2516 isti
1066 2459 1152 2532 socii,
1171 2457 1227 2538 qui

89 2555 216 2616 vadunt
238 2555 294 2614 ibi*
305 2555 345 2616 ad
362 2575 513 2630 mensam,
535 2567 608 2618 suut
624 2558 716 2619 valde
736 2555 906 2630 terribiles,
931 2565 962 2614 et
977 2554 1090 2616 habent
1109 2557 1226 2637 gladios

90 2664 119 2714 et
139 2652 278 2734 epodos,
298 2665 329 2718 et
347 2673 426 2716 unns
449 2675 489 2716 ex
510 2655 554 2716 eis
575 2665 621 2718 est
640 2674 757 2731 comes,
788 2665 822 2716 et
844 2665 890 2715 est
910 2655 1023 2736 longus
1041 2655 1101 2729 vir,
1121 2663 1155 2716 'et
1168 2656 1232 2717 lm-¹
1299 2661 1303 2668 '

89 2753 140 2814 bet
159 2753 253 2814 albos
273 2754 381 2816 crines.
440 2755 504 2836 lpsi
523 2755 648 2829 dicunt,
671 2755 755 2836 quod
776 2753 889 2834 ancipit
909 2771 981 2814 oum
1001 2754 1145 2814 manibus
1162 2754 1226 2816 suis

90 2872 193 2912 unum
215 2852 322 2914 virum
342 2864 514 2928 armatum,
536 2865 568 2914 et
585 2853 679 2933 jactet
698 2873 770 2912 eum
792 2853 832 2914 ad
852 2862 985 2927 terram,
1004 2862 1035 2914 et
1055 2854 1147 2913 habet
1161 2854 1226 2931 gla-

90 2952 179 3012 dium
201 2950 248 3011 ita
267 2953 411 3034 longum,
439 2954 519 3013 siout
537 2953 628 3034 gigas.
670 2951 804 3039 Quando
824 2951 892 3012 vidi
912 2969 1007 3025 enm,
1035 2961 1111 3011 tuno
1132 2951 1227 3025 taoni,

91 3063 121 3112 et
139 3051 276 3132 permisi
294 3071 347 3112 eos
367 3047 470 3132 loqdi:
491 3052 712 3132 sedeogitaui,
733 3050 816 3130 qnod
834 3051 948 3111 uellem
968 3050 1057 3110 vobis
1076 3050 1227 3126 scribere,

90 3151 142 3210 aed
161 3169 227 3230 pro
247 3161 324 3210 tuno
344 3169 409 3212 non
430 3145 531 3210 statim
553 3149 648 3210 habui
667 3149 820 3210 nuntium.
863 3149 924 3210 Sed
944 3148 1066 3230 quando
1088 3150 1163 3209 veni
1186 3147 1230 3208 ad

91 3251 321 3324 Wormatiam,
357 3248 541 3310 intravimus
562 3249 601 3308 sd
621 3269 719 3309 unum
739 3246 924 3328 hospitium,
957 3246 1112 3308 nbi-suut
1133 3245 1226 3307 multi

90 3349 267 3420 Doctores,
288 3347 343 3428 qui
361 3357 434 3408 snut
453 3348 487 3408 in
506 3325 526 3408 1¹
526 3347 627 3406 udicio
648 3347 809 3407 Gamerae:
842 3345 887 3405 ibi
909 3345 1051 3406 dicebant
1070 3343 1226 3403 mirabilia

92 3460 200 3507 eontra
222 3447 414 3528 Theologos,
433 3457 465 3507 et
486 3445 608 3520 andivi,
647 3445 731 3524 quod
759 3446 933 3505 citaverunt
955 3445 1063 3502 Joann.
1089 3441 1226 3502 Pfeffer-

91 3547 174 3607 korn
189 3556 324 3628 propter
343 3545 559 3626 Stnrmglock,
587 3553 619 3604 et
637 3542 718 3605 dixit
736 3565 836 3604 unus:
864 3541 930 3602 Vos
950 3539 1092 3600 videbitis
1102 3580 1113 3614 ,
1141 3537 1226 3620 quod
1336 3573 1340 3586 ,

92 3644 196 3707 adhuc
220 3645 256 3706 in
276 3645 383 3728 paneis
412 3644 500 3706 annis
520 3643 704 3703 auferentur
725 3641 778 3702 isti
797 3640 938 3720 Magistri
954 3638 1070 3712 nostri,
1110 3645 1141 3698 et
1159 3655 1225 3698 non
1250 3696 1258 3716 ,

93 3754 188 3804 erunt
211 3743 355 3826 amplius.
415 3745 507 3804 Tune
527 3741 610 3804 dixi:
643 3741 723 3821 Quis
747 3751 822 3801 tuno
840 3737 1028 3818 praedicabit
1048 3735 1156 3809 vobis,
1193 3743 1226 3795 ot
1299 3765 1305 3792 t

93 3842 220 3904 donabit
246 3845 283 3904 in
311 3842 374 3908 lide
401 3840 571 3908 catholiea?
612 3838 784 3922 Respondit
809 3837 878 3896 ille:
918 3837 988 3896 Hoc
1007 3835 1123 3896 iaciant
1139 3831 1226 3892 dooti

93 3941 266 4023 Theologi,
295 3942 351 4023 qui
371 3941 550 4022 intelligunt
570 3941 760 4022 Scripturas,
789 3937 871 3998 siout
889 3935 1034 3996 Erramus
1052 3931 1226 3994 ltoterods-

93 4057 182 4126 mup,
203 4041 321 4102 Paulus
340 4040 465 4114 llicius,
493 4041 602 4100 Josnn.
620 4038 777 4099 Reuohliu
799 4045 831 4097 et
848 4034 913 4094 alii.
960 4037 1051 4096 Tune
1068 4029 1170 4104 'tuoui,
1192 4039 1224 4090 et
1347 4071 1355 4088 r

92 4139 231 4220 eogitari
247 4129 388 4202 mecum:
409 4139 527 4200 Stultus
545 4138 640 4198 stulta
659 4138 814 4218 loquitari
836 4145 867 4196 et
886 4133 966 4196 sedit
978 4152 1060 4194 unus
1080 4131 1116 4192 in
1136 4149 1225 4190 men-

92 4257 144 4313 ra,
165 4223 296 4300 uomin'e
320 4237 510 4300 mutuae
522 4234 664 4310 Petrinis,
686 4236 741 4316 qui
762 4253 820 4315 pro
835 4251 924 4296 -uunc
945 4242 991 4294 est
1011 4233 1131 4296 Doetor
1151 4229 1225 4327 lde-
