2896 4716
260 327 279 356 ae

412 353 951 419 OBSGUR.VIROR.
1181 356 1246 422 267

118 493 329 578 et'Dominus
348 513 473 585 Patrue,
495 520 526 571 et
544 509 659 571 ivimus
679 511 854 572 dormitum.
907 511 999 570 Nunc
1019 522 1121 571 autem
1141 513 1245 586 audio,

119 614 274 692 quomodo
295 613 352 672 iate
374 631 506 690 nequam
527 611 685 688 gloriatur,
705 607 788 689 quod
808 608 847 666 sit
867 607 1108 689 doctiorsquam
1130 601 1195 690 ego,
1214 620 1246 670 et

119 713 273 790 Dominus
294 712 412 770 Petrus.
455 711 560 786 Quare
582 727 636 768 oro
656 705 788 767 uestram
809 705 1063 781 dominationem,
1086 719 1122 768 ut
1142 709 1245 768 velitis

120 810 195 870 mihi
208 809 405 881 rescribere,
426 805 599 886 {quomodo
621 825 676 886 ego
697 804 827 863 debeam·
844 805 902 863 ille
927 815 1105 884 argumenta
1131 807 1169 865 de
1195 807 1246 865 di-

119 908 333 988 spensatioue,
372 904 514 964 similiter
543 902 581 961 de
610 903 788 981 baptismate
805 889 860 962 'D.
890 903 1014 963 Ioannis
1047 903 1246 964 Plefferkorn

119 1006 258 1080 solvere,
282 1003 382 1064 atilli
402 999 562 1064 Lecoatori
578 999 617 1060 ad
636 1019 725 1058 auum
747 1009 881 1059 rostrum
894 1001 1044 1082 adligare,
1084 1001 1165 1082 quod
1187 1022 1246 1064 vo-

118 1106 150 1163 lo
172 1124 233 1185 per
248 1119 371 1162 omnem
382 1101 478 1160 vitam
491 1116 683 1178 promovere.
722 1097 840 1158 Valete.

121 1286 284 1362 Magister
308 1255 498 1351 Gratiduua,
522 1282 660 1340 adraniae
676 1281 863 1357 extirpator,
896 1280 1034 1354 hecout,
1054 1282 1171 1363 furum
1187 1305 1244 1342 su·

120 1401 265 1459 spencor,
281 1381 478 1459 proditorum
497 1379 769 1458 quadruplicatur,
798 1379 1009 1458 falsariorum
1022 1392 1051 1438 et
1067 1383 1246 1440 calumnia-

120 1495 225 1542 torum
243 1485 402 1560 virgotor,
437 1478 661 1560 hoereticorum
678 1478 865 1552 remittetur,
898 1488 928 1536 et
945 1479 1046 1536 multa
1063 1481 1145 1553 alio,
1166 1483 1244 1539 Mo·

243 1582 346 1658 gietro
370 1577 520 1650 Ortuino,
541 1575 697 1636 avunculo
711 1589 866 1646 memo,
886 1580 1017 1636 salutem
1030 1580 1073 1638 D.
1083 1583 1123 1638 P.

205 1693 392 1755 Clarissimo
411 1692 582 1766 avuncule,
603 1710 723 1750 necnon
743 1692 997 1752 reverendissime
1019 1693 1155 1754 Domine
1175 1695 1247 1756 Me-

122 1791 233 1872 gisten!
268 1790 351 1870 Quia
370 1791 432 1871 jam
452 1803 525 1851 sunt
544 1788 635 1850 multi
653 1789 728 1848 anni
751 1789 862 1870 elapsi,
900 1799 931 1850 et
949 1809 1013 1850 uon
1033 1791 1169 1853 vidimus
1189 1813 1247 1854 noa

121 1889 258 1952 invicem
268 1935 280 1964 ,
306 1890 455 1970 cogitavi,
484 1888 567 1968 quod
587 1889 701 1948 bonum
724 1900 816 1960 esset,
846 1889 929 1968 quod
948 1890 1036 1950 vobis
1057 1911 1149 1952 uuam
1171 1893 1247 1952 lite-

122 2009 191 2049 ram
211 1987 387 2050 scriberem.
445 1987 549 2050 Audio
571 1986 652 2046 enim
674 1988 769 2046 multa
789 1987 943 2048 mirabilia
962 1989 1002 2048 de
1020 1990 1125 2065 vobis,
1166 2011 1246 2070 quo-

123 2087 218 2146 modo
238 2087 302 2146 sitis
321 2106 448 2166 magnae
470 2085 590 2160 famae,
624 2095 654 2145 et
674 2085 797 2161 dicunt,
827 2087 910 2166 quod
928 2087 990 2166 jam
1011 2089 1082 2149 ertia
1103 2089 1246 2149 omnibus
1317 2089 1336 2097 “

123 2188 218 2258 etiam
239 2185 436 2245 mediocriter
457 2185 553 2244 doctis
577 2195 687 2257 notus,
730 2204 793 2242 non
819 2186 918 2245 solum
945 2187 979 2246 iu
1006 2186 1150 2260 Colonia,
1192 2187 1247 2246 aed

125 2285 219 2343 etiam
239 2284 322 2344 ultra
341 2284 444 2345 Albim
467 2293 498 2342 et
516 2284 678 2356 Rhenum,
700 2293 730 2342 ct
752 2285 842 2343 etiem
863 2283 897 2343 in
917 2294 980 2344 tota
995 2263 1089 2344 'Italia
1103 2295 1133 2345 et
1146 2286 1247 2364 Fran·

115 2383 182 2464 cia.
227 2382 424 2443 colonienses
440 2393 542 2442 tamen
562 2383 725 2463 praecipue
746 2382 852 2441 colunt
873 2401 928 2442 voe
947 2392 1074 2462 propter
1094 2382 1247 2463 egregiam

91 2556 95 2566 Ι
124 2481 316 2555 docuinam,
352 2501 444 2561 quam
473 2482 605 2542 scribitis
632 2481 667 2540 iu
694 2477 939 2540 fide'Catholioa
966 2491 1072 2541 eontra
1093 2481 1247 2560 quendam
1273 2463 1276 2470 ,

124 2582 295 2641 Ductorem
317 2588 347 2641 et
366 2581 490 2640 Portam
511 2582 696 2655 secularem,
715 2583 862 2641 loannem
882 2579 1054 2655 Rcuehlin,
1078 2593 1109 2641 et
1129 2581 1172 2668 ita
1190 2563 1254 2640 voa'

124 2679 297 2760 inspiciunt
322 2691 353 2739 et
380 2679 587 2754 admirantur,
631 2680 731 2759 quod,
771 2698 952 2760 quocunque
978 2681 1052 2740 eatis
1079 2681 1114 2741 iu
1136 2677 1247 2760 platea,

124 2788 202 2838 tuuc
223 2788 391 2842 monstrant
411 2778 605 2866 cum'digitis
626 2782 808 2861 supervos,
845 2777 990 2839 dicendo:
1033 2779 1086 2839 hic
1114 2790 1158 2840 est
1178 2781 1249 2839 Ma·

125 2878 222 2958 gister
242 2877 409 2952 Ortuinus,
432 2877 549 2956 quiite
568 2891 660 2940 vexat
680 2880 796 2939 Poetae.
836 2878 935 2939 Credo
942 2917 953 2946 ,
974 2877 1002 2938 ai
1020 2879 1144 2952 scirent,
1166 2879 1249 2957 quod

126 2977 233 3037 esselis
253 2977 424 3038 avunculus
444 2997 547 3051 meus,
568 2989 641 3038 tuuc
663 2978 758 3058 magis
777 2977 837 3037 hoe
857 2978 1002 3039 facerent.
1025 2979 1104 3039 Nam
1119 3000 1175 3060 ego
1197 2979 1251 3040 hie

125 3095 196 3135 sum
221 3075 314 3135 etiam
334 3095 461 3156 magnae
480 3077 676 3149 famositatis,
696 3086 727 3136 et
747 3087 992 3138 exerceo-artem
1012 3097 1112 3138 meum
1130 3080 1165 3138 in
1183 3099 1251 3138 ma·

126 3175 215 3233 xima
232 3175 343 3256 populi
364 3175 556 3254 frequentia,
592 3185 621 3237 et
640 3176 916 3237 homines'iaciunt
935 3178 1014 3238 mihi
1037 3177 1169 3238 eundem
1189 3178 1251 3236 lro-

127 3292 257 3348 norem,
295 3275 470 3354 evquando.
487 3294 523 3335 eo
544 3275 578 3335 iu
598 3275 721 3356 plateis,
752 3276 843 3336 etiam
865 3285 1033 3338 monstrant
1054 3296 1124 3336 oum
1147 3275 1251 3356 digitis

128 3393 226 3453 super
246 3393 297 3432 me
304 3415 314 3446 ,
356 3374 435 3434 sieut
453 3373 572 3434 faciant
596 3375 629 3435 in
651 3375 780 3436 Colonia
805 3395 898 3455 super
922 3395 985 3435 voa.
1049 3376 1154 3451 Quare
1177 3393 1250 3452 ergo

128 3473 223 3532 valde
240 3473 356 3545 laetor,
400 3474 482 3551 quod
510 3473 650 3534 homines
678 3485 802 3536 servant
827 3472 945 3552 aliquid
974 3471 1118 3533 devehis
1141 3481 1172 3531 at
1191 3491 1250 3532 me.

130 3571 235 3634 Audio
256 3570 348 3629 etiam
370 3571 549 3632 aliosvi'roe
570 3593 633 3634 esse
654 3573 851 3646 incolome,
888 3572 942 3652 qui
966 3581 1038 3633 aunt
1056 3571 1151 3632 vestri
1172 3570 1252 3630 ami-

131 3671 176 3744 ci,
199 3679 230 3729 et
252 3670 344 3728 etiam
364 3649 522 3732 vobisouui
544 3673 681 3732 scribunt
700 3683 805 3732 eontra
824 3673 989 3732 Doctorum
1008 3668 1180 3732 Reuchlia:
1199 3667 1252 3728 vi-

130 3769 243 3830 delieet
261 3769 405 3830 Iacobum
426 3769 464 3830 de
484 3772 544 3831 alta
563 3771 677 3852 platea,
711 3772 905 3832 naericorum
928 3769 1109 3851 Magistrum
1134 3768 1252 3829 Aruol-

131 3869 206 3928 dum
227 3868 267 3926 de
286 3869 455 3950 Tangeris,
492 3871 659 3952 Regentem
679 3869 714 3951 in
732 3872 823 3931 bursa
844 3871 874 3930 S.
888 3866 1063 3940 Laurentii.
1122 3869 1163 3929 Et
1183 3887 1253 3926 om-

130 3987 187 4027 nes
204 3966 347 4026 homines
365 3968 510 4044 credunt,
530 3957 612 4049 quod
632 3991 686 4032 vos
707 3980 769 4030 tres
788 3970 858 4030 eatis
878 3990 952 4030 vere
965 3966 1132 4029 illuminati
1143 3966 1177 4026 in
1190 3965 1252 4026 fide

132 4065 302 4140 catholica,
322 4076 496 4140 etservant
516 4089 571 4132 vos
592 4080 735 4149 tanquam
755 4069 815 4131 tria
837 4069 1032 4144 candelabra,
1062 4065 1129 4129 siva
1148 4067 1253 4126 lucer-

130 4187 198 4226 nas,
259 4167 301 4224 Et
320 4165 416 4246 aliqui
436 4167 553 4228 addunt
570 4178 726 4249 quartum,
758 4169 845 4230 velut
870 4152 963 4230 uuam
990 4151 1163 4248 lampadem
1185 4165 1253 4226 sive

130 4257 272 4346 pendens
294 4265 415 4342 lumen,
436 4267 518 4347 quod
538 4279 681 4329 nontam
701 4263 782 4330 clare
802 4267 950 4350 splendet,
970 4268 1084 4328 scilieet
1102 4267 1253 4326 loannem
1318 4261 1321 4270 ’
