2866 4724
85 1057 319 1172 Vullupisis
340 1093 610 1160 Timanoetus,
642 1095 770 1153 trium
787 1092 1034 1170 optimarum
1054 1095 1208 1154 artium

83 1195 296 1272 Magister
329 1191 662 1272 Theologis.ticzco
683 1205 718 1252 et
749 1191 1207 1262 conscientiosissimus,

84 1293 254 1351 Domino
273 1294 459 1351 Marccno
478 1291 716 1352 Anoretino
736 1291 1207 1369 Baccalaureofeis‘cis-

168 1393 268 1449 simo
298 1393 632 1450 aeternissimam
659 1390 931 1452 valetudinem
953 1401 991 1448 et
1010 1388 1124 1450 bene·

206 1481 208 1488 ’
470 1501 674 1550 vecturam
699 1500 826 1568 optat.

83 1671 222 1776 Scripsit
246 1693 286 1753 sd
312 1700 368 1754 mc
392 1713 494 1774 nuper
519 1714 600 1754 unus
628 1695 727 1754 bonus
752 1694 885 1769 amicus,
921 1713 1014 1774 quem
1041 1713 1098 1758 nos
1117 1697 1207 1760 ambo

82 1794 163 1854 benc
182 1793 341 1867 novimus,
374 1801 404 1852 et
424 1790 493 1871 qui,
524 1791 604 1852 sicut
623 1793 731 1854 Pastor
752 1793 909 1876 porditum
930 1814 1025 1857 ovum
1045 1805 1076 1856 ct
1096 1797 1208 1863 misero

83 1893 239 1954 meretrix
253 1894 398 1952 omissum
417 1891 578 1964 ducatum,
600 1891 722 1972 quaerit
741 1913 812 1954 cum
834 1903 895 1954 toto
915 1894 1028 1962 studio,
1050 1896 1133 1976 quod
1150 1913 1210 1958 nos

85 1993 178 2052 esium
208 1992 374 2052 debeamus
403 1990 506 2070 msgni
532 1988 595 2052 viri
620 1990 706 2065 ficri,
745 1992 828 2074 quod
847 1992 944 2052 affinis
965 1992 1030 2072 ojus
1049 1995 1144 2055 vellet
1167 1996 1207 2056 ds

82 2111 166 2150 novo
186 2090 221 2152 in
240 2110 414 2171 pressuram
437 2089 511 2150 dore
530 2089 671 2170 epistolas
685 2091 896 2152 obscurorum
915 2091 976 2165 vel,
998 2093 1082 2171 quod
1099 2093 1206 2154 idum·

84 2209 144 2269 que
158 2199 218 2264 est,
238 2191 392 2250 clarorum
413 2187 562 2264 virorum,
578 2201 613 2248 ct
634 2190 729 2250 vellet
747 2200 853 2271 optare
859 2231 869 2264 ,
890 2189 973 2269 quod
994 2189 1052 2263 illi,
1075 2183 1205 2270 quivo-

82 2289 233 2368 luptstem
253 2289 367 2348 habent
387 2287 504 2366 aliquid
515 2287 648 2348 scribere
655 2331 664 2364 ‚
686 2288 778 2348 ctiam
796 2289 870 2349 tolcs
893 2275 1033 2367 epistolas
1048 2289 1087 2348 od
1105 2310 1203 2355 unum
1250 2333 1254 2342 -

83 2388 225 2448 sosibant.
287 2389 328 2470 Et
350 2387 465 2461 fateor,
486 2387 569 2467 quod
587 2405 652 2447 non
672 2388 711 2447 sit
730 2387 890 2446 minimam
909 2385 1052 2460 laudem,
1081 2389 1203 2466 quando

83 2470 283 2565 postmundus
305 2487 398 2547 ctiam
416 2505 541 2546 monum
562 2496 697 2546 nostram
717 2498 746 2547 et
764 2495 904 2546 nostrum
923 2485 1059 2546 studium
1072 2485 1106 2546 in
1119 2508 1205 2568 pres-

84 2607 154 2646 surs
174 2585 268 2646 videt.
308 2586 389 2647 Nam
409 2585 531 2666 quondo
554 2577 714 2660 mocimus,
733 2596 809 2646 tunc
829 2584 933 2645 omnis
953 2584 1050 2644 alters
1065 2605 1135 2645 cum
1148 2607 1205 2647 no·

84 2685 296 2761 bissunte13
322 2685 413 2744 modo
435 2685 507 2751 illo.
547 2705 626 2763 quac
643 2684 820 2764 scripsimus
844 2684 878 2744 in
897 2683 1053 2751 chartam,
1081 2697 1206 2747 monent
1283 2760 1285 2764 Ι

85 2783 118 2842 in
137 2783 380 2843 aeternissimsm
399 2781 642 2846 oeternitioncm.
699 2783 740 2842 Et
759 2784 880 2863 quando
898 2782 1040 2844 homines
1058 2803 1206 2845 nonnun-

85 2901 176 2962 quam
199 2883 359 2962 tergudcm
378 2904 466 2944 susm
488 2893 611 2943 vertunt
632 2901 704 2960 erga
723 2883 887 2961 parictem,
908 2891 940 2942 et
960 2881 1116 2962 occipiunt
1128 2885 1206 2944 sori-

84 2990 171 3060 ptum
192 2991 332 3041 nostrum
353 2967 391 3042 sd
411 2981 537 3055 videre,
578 2977 654 3041 tunc
678 2981 756 3038 bene
783 2981 883 3041 solent
909 2981 1026 3041 dicere:
1059 2981 1140 3042 eheu
1159 2985 1204 3045 O!

85 3099 175 3158 quom
192 3079 295 3139 bonus
316 3081 367 3148 vir
386 3080 448 3141 fuit
468 3080 541 3153 istc,
570 3077 625 3159 qui
644 3079 732 3139 nobis
755 3077 815 3138 hoc
835 3078 901 3159 ejus
919 3081 1032 3158 scripto
1051 3081 1112 3141 fuit
1129 3103 1205 3162 pro-

85 3178 191 3238 sibilis.
230 3179 311 3257 Ergo
332 3179 439 3259 putavi
459 3178 672 3250 consiliosum,
692 3177 775 3257 quod
792 3178 850 3239 tibi
869 3177 945 3239 hoec
964 3177 1142 3256 significem,
1163 3202 1205 3241 sse

85 3295 208 3336 mancas
227 3277 265 3336 sd
286 3278 431 3353 domum,
465 3277 519 3337 scd
533 3277 631 3339 ,etism
653 3275 771 3354 aliquid
797 3277 927 3350 scribas,
960 3288 991 3335 ct
1020 3279 1204 3357 concopulcs

86 3394 153 3434 cum
177 3374 322 3456 Epistolis
341 3375 399 3437 his.
449 3361 662 3456 Nonpotcris
682 3376 740 3435 tibi
761 3374 959 3456 persuadere,
992 3377 1147 3454 quomodo
1168 3387 1203 3436 tu

86 3481 143 3532 tam
165 3493 306 3554 magnam
325 3461 449 3545 laudem
477 3476 624 3556 accipies,
662 3474 784 3553 quando
812 3474 897 3535 hunc
916 3481 1023 3532 meum
1039 3473 1204 3536 consilium

85 3570 225 3633 imitabis.
266 3574 344 3636 Vale
357 3575 529 3666 benissimo.

86 3765 239 3828 Dominus
253 3773 424 3830 Marcenus
437 3773 651 3842 Aneretimuc,
667 3780 738 3828 ante
753 3767 852 3828 decem
864 3787 960 3831 annos
969 3756 1203 3828 Baccalciureo-

87 3877 151 3941 tus,
175 3871 211 3925 in
236 3871 341 3948 quieta
357 3859 546 3946 possessione
569 3871 620 3931 vel
647 3871 737 3949 quasi
750 3867 807 3925 ‘ad
828 3867 885 3926 hoc
906 3880 1040 3944 tempus,
1067 3867 1204 3946 Domino

125 3967 281 4045 Vallupio
312 3973 501 4030 Timancreto
524 3957 683 4049 Magistro
709 3967 931 4046 ffieologistico
960 3977 1048 4044 optat
1075 3985 1162 4024 omns

349 4065 354 4072 ’
485 4068 558 4127 bene
576 4071 622 4126 irs
645 4078 675 4128 ct
691 4065 805 4126 vehere.

162 4183 330 4264 Postquam
354 4155 449 4246 radiis
470 4186 640 4246 oculorum
669 4201 811 4242 meorum
830 4181 971 4263 epistolas
990 4148 1057 4243 toss
1077 4181 1204 4262 perlegi,

85 4279 171 4342 valdo
190 4301 243 4343 mc
260 4284 383 4366 gavisus
401 4305 485 4362 sum,
516 4285 589 4364 quis
606 4282 691 4354 vidi,
723 4282 807 4363 quod
834 4292 939 4370 nostes
962 4281 1079 4344 amicus
1107 4281 1207 4342 bonus

900 4378 1000 4444 *19
