2872 4722
205 271 266 338 152
560 262 963 334 'uttsroLAE

288 427 415 506 Regula
431 413 567 486 birsolis
588 437 632 484 est
644 427 728 484 omni
749 437 881 500 tempore
899 425 997 498 tolis5

288 526 435 596 Praedia
445 525 502 604 ser
519 537 635 601 tecum,
656 527 686 582 si
708 527 756 584 vis
774 522 924 584 comedere
938 543 1063 592 mecum,

207 655 269 718 Sed
288 657 347 718 hoc
361 657 400 718 sit
413 657 500 734 estis3
522 657 634 718 videtis
654 655 848 736 quodetiam
869 678 937 717 sum
957 658 1070 730 Poeta,
1092 635 1132 715 ne
1154 653 1264 716 videar
1279 677 1333 717 su·
1413 631 1414 640 ἶ

206 740 351 836 perfluui.
415 759 531 816 Datum
551 756 664 838 raptim
694 777 733 814 ex
761 755 905 836 Lipsick,
950 755 1009 814 ‘tub
1030 753 1132 821 blavio
1155 755 1259 830 coelo;
1302 765 1333 814 et

208 855 305 914 valete
326 856 529 915 cum·amcsia
546 866 647 918 vestra
666 856 791 928 laetius,
812 875 904 932 quem
925 854 990 935 apis
1009 853 1043 914 in
1064 853 1171 932 thymo
1191 853 1245 912 vel
1264 851 1331 933 pis-

205 952 248 1010 cis
269 953 303 1012 in
326 955 425 1014 undis
466 956 576 1016 Velete
599 955 701 1016 adhuc
729 955 832 1014 semel.

266 1051 358 1112 Nunc
375 1054 491 1128 videte,
512 1053 647 1114 Domine
655 1054 801 1134 Magister
809 1053 952 1128 Ortuine,
965 1050 990 1110 si
999 1051 1098 1132 placet
1109 1048 1257 1111 vobisilla
1264 1048 1334 1129 epi-

171 1129 179 1148 ⁸
204 1149 290 1222 stole,
308 1161 382 1211 tuuc
393 1155 465 1214 volo
473 1154 561 1214 vobis
569 1144 690 1212 mittere
702 1162 799 1212 totum
811 1153 925 1213 librum
932 1151 1075 1231 plenum,
1098 1149 1332 1228 quaesuntvel-

205 1248 243 1306 de
261 1249 372 1323 bonae,
393 1254 561 1314 secundum
584 1245 686 1312 meum
714 1250 819 1312 debile
835 1252 1011 1332 ingenium:
1034 1249 1107 1308 alias
1134 1247 1217 1308 nihil
1239 1247 1333 1325 magis

205 1366 329 1428 possum
349 1353 436 1412 vobis
455 1352 518 1432 jem
539 1352 682 1412 scribere.
724 1337 833 1411 Valete
853 1351 887 1409 in
908 1369 967 1423 eo,
996 1349 1050 1427 qui
1076 1355 1185 1408 cuncte
1205 1345 1331 1405 creavit.

206 1447 321 1509 Datum
342 1449 377 1510 in
397 1448 572 1532 Eberburg,
595 1450 649 1509 ubi
664 1449 759 1508 velim
779 1449 862 1528 quod
885 1449 987 1508 essetis
999 1467 1134 1520 mecum,
1163 1444 1334 1507 'veldisbo-

121 1593 123 1600 ,
205 1545 255 1606 lus
272 1549 439 1638 confundet
452 1569 510 1608 me.
551 1551 644 1639 Sexte
659 1549 739 1611 feria
753 1549 837 1610 infre
849 1547 964 1608 Pascha
982 1560 1013 1607 et
1023 1548 1209 1607 Pentecoste.

210 1763 372 1830 Arnoldus
393 1767 430 1826 de
461 1771 634 1848 iungaris,
664 1765 821 1846 Magister
845 1779 947 1825 noster
973 1767 1008 1826 in
1029 1785 1119 1830 sacro
1132 1768 1275 1844 pagina,
1307 1764 1335 1821 S.

574 1870 617 1926 D.
632 1870 680 1925 M.
697 1869 830 1926 Ortuino
847 1867 973 1946 'Gr-atio.

290 2019 485 2079 Venerabilis
506 2015 644 2079 Domine
664 2020 826 2100 Magister,
848 2037 903 2100 ego
924 2039 1023 2078 vexor
1045 2019 1107 2098 jem
1127 2037 1222 2098 supra
1241 2037 1336 2077 vexa-

208 2117 343 2195 tionem;
384 2139 467 2178 nunc
489 2118 630 2200 intelligo
653 2117 733 2178 illud
756 2119 920 2178 dicterium
942 2119 1193 2178 Poetarumesse
1212 2137 1336 2178 verum:

208 2217 339 2276 Nullum
361 2217 507 2278 damnum
528 2219 645 2293 solum,
680 2227 711 2278 et
736 2218 796 2278 hoc
815 2219 888 2278 volo
915 2217 960 2276 sic
984 2218 1127 2298 probare.
1189 2216 1257 2296 Ego
1276 2215 1336 2296 jam

164 2363 166 2370 .
209 2337 277 2376 sum
300 2316 455 2391 infirmus,
490 2327 520 2378 et
540 2339 633 2398 snpra
659 2318 747 2376 illam
766 2316 976 2376 infirmitatem
995 2317 1082 2376 venit
1100 2315 1181 2386 mihi
1200 2317 1263 2375 ulie
1285 2334 1337 2376 te-

208 2416 294 2476 xetio
315 2417 463 2500 maxima,
486 2437 563 2496 qnae
586 2427 631 2477 est
650 2419 729 2479 talis.
789 2417 928 2478 Currnnt
948 2415 1086 2493 quotidie
1105 2415 1143 2475 ad
1164 2435 1215 2476 me
1235 2413 1339 2474 homi-

210 2535 282 2588 nes,
313 2525 342 2574 et
363 2518 453 2574 etiam
472 2518 611 2576 scribunt
626 2516 665 2576 ed
686 2539 736 2576 me
760 2537 800 2576 ex
821 2514 950 2596 diversis
970 2513 1154 2595 provinciis,
1190 2523 1227 2574 ut
1246 2525 1337 2579 notus

107 2601 109 2608 ¹
210 2634 279 2674 sum
301 2615 335 2672 in
358 2616 499 2676 omnibus
520 2611 696 2696 regionibus
717 2628 844 2698 propter
863 2615 1022 2688 libellum,
1044 2634 1136 2694 quem
1152 2613 1215 2674 feci
1230 2623 1338 2674 contra

136 2702 141 2706 ’
211 2714 421 2773 defensoriam
442 2717 549 2775 Joann'.
569 2715 741 2789 Reuchlin,
761 2726 798 2775 ut
815 2713 907 2774 scitis.
946 2714 997 2774 Illi
1018 2713 1159 2774 homiues
1179 2711 1289 2772 dicunt
1310 2720 1339 2770 et

210 2813 363 2885 ssribunt,
400 2833 451 2872 eos
479 2813 605 2886 mirari,
647 2815 737 2892 quod,
759 2813 965 2894 permittimus
992 2813 1099 2874 Joann.
1128 2812 1338 2884 Pfefferkorn,

206 2911 343 3001 'tinctum
362 2911 529 2985 Judaeum,
550 2911 689 2992 accipere
709 2927 886 2974 nostrorum
905 2933 996 2974 causa
1015 2914 1153 2973 laborem
1174 2910 1338 2981 scribendi,

211 3024 247 3070 ut
266 3009 410 3070 defendat
429 3030 461 3068 se
484 3020 520 3092 et,
535 3031 592 3070 nos
611 3031 722 3074 omnes.
742 3023 848 3072 contre
868 3013 1038 3086 Reuchlin,
1078 3024 1109 3072 et
1135 3011 1282 3072 defendat
1301 3007 1339 3066 fi:

148 3115 153 3124 '
212 3112 463 3184 demgnostrem:
505 3109 549 3169 sie
576 3112 659 3190 quod
693 3112 759 3192 ipse
788 3113 898 3173 habeat
925 3133 1057 3184 nomeu,
1098 3123 1128 3171 et
1157 3131 1215 3170 nos
1235 3120 1340 3170 temen

211 3189 325 3290 seripia
346 3210 449 3270 omnia
470 3209 650 3286 fecerimus,
670 3233 748 3291 quae
769 3215 871 3273 emisit
892 3233 947 3272 suo
967 3211 1112 3285 nomine,
1132 3223 1167 3270 ut
1187 3223 1262 3271 tunc
1283 3229 1340 3269 ve-

212 3330 283 3370 rum
307 3318 367 3382 est,
388 3309 423 3368 in
442 3309 634 3370 confessione
656 3311 714 3370 hoc
735 3312 811 3372 dixi.
851 3313 1009 3372 Dixerunt
1031 3311 1142 3388 etiam;
1173 3309 1341 3388 quodiam

214 3409 418 3489 compilless'et
438 3430 555 3468 novum
577 3409 710 3484 librum,
741 3431 833 3491 quem
852 3411 1023 3471 intitulavit
1043 3411 1078 3470 in
1097 3389 1194 3470 latino
1215 3392 1342 3488 Definss

214 3512 331 3566 serium
351 3511 460 3566 Joonn.
473 3508 640 3578 Reuchlin,
662 3509 697 3570 in
717 3530 778 3590 quo
800 3520 922 3570 enarrat
942 3520 1041 3570 totum
1063 3511 1198 3585 fectum,
1217 3531 1236 3567 a
1251 3508 1343 3589 prin-

215 3609 295 3687 cipio
316 3627 413 3686 usque
434 3608 604 3676 adfinem,
627 3630 718 3689 quem
740 3610 881 3668 libellum
902 3609 1122 3672 theutonisavit
1141 3609 1248 3684 etiam,
1269 3629 1342 3666 curn

215 3727 271 3788 ego
290 3707 493 3784 audivissem,
522 3710 605 3788 dixi,
635 3701 720 3789 quod
739 3729 802 3768 nou
823 3719 900 3768 esset
920 3730 1031 3770 verum
1050 3710 1248 3790 simpliciter,
1269 3708 1344 3786 quie

152 3862 154 3870 s
216 3827 272 3888 ego
293 3807 375 3866 nihil
394 3810 504 3870 scirem
527 3809 565 3870 de
585 3809 643 3870 hac
664 3829 715 3882 re,
737 3819 767 3868 et
788 3809 815 3868 si
837 3809 926 3882 fecit,
960 3822 1036 3868 tuuc
1054 3831 1110 3890 per
1129 3813 1233 3880 Deum
1253 3827 1345 3866 scan-

160 3941 164 3953 ι
215 3906 320 3966 delum
344 3919 403 3982 est,
419 3909 509 3988 quod·
522 3931 572 3968 me
594 3929 658 3970 non
678 3909 753 3968 fecit
772 3917 906 3968 certum:
942 3918 972 3968 et
992 3921 1094 3967 tamen
1114 3909 1201 3990 prius
1221 3928 1345 3988 semper

216 4027 266 4066 me
296 4009 487 4070 consultavit.
511 4047 513 4058 ·
547 4009 669 4084 Credo,
703 4011 785 4089 quod
807 4009 873 4088 ipse
899 4007 961 4088 jam
982 4029 1050 4070 ¹non
1071 4009 1248 4089 recordetur
1268 4007 1346 4080 mei,

216 4127 286 4168 eum
314 4127 381 4184 sum
411 4109 568 4170 infirmus:
605 4109 632 4168 si
657 4127 707 4170 me
735 4109 965 4189 interrogasset,
1001 4119 1078 4168 tunc
1104 4100 1247 4169 diuissem
1276 4126 1345 4166 nuo

217 4205 308 4264 modo
338 4207 409 4266 satis
437 4209 550 4283 fuisse,
585 4208 658 4289 quia
684 4207 766 4283 scio,
799 4210 881 4291 qnod
908 4209 1067 4271 scribendo
1090 4207 1171 4268 nihil
1201 4206 1346 4288 acquire-
