2846 4716
367 345 371 354 '
470 371 888 444 unrocus*
1155 373 1223 440 ess

86 547 217 588 nestsem
241 529 357 604 ciuem,
381 529 474 592 unice
493 548 599 618 esrum
619 529 717 606 milri,
739 529 804 610 ejus
824 529 897 590 lidei
916 532 1074 614 commisi:
1096 531 1220 608 rediens

85 627 202 688 deinde
225 649 266 690 ex
284 629 407 698 Suetia,
448 630 570 714 quoad
592 630 861 712 componendam,
903 632 986 712 bello
1007 632 1134 712 posito„
1152 631 1220 692 »seu

85 729 213 806 aequis,
242 749 299 788 seu
318 728 435 810 iniquis
466 728 694 790 conditionibus
729 751 836 812 pacem
859 731 941 792 inter
960 743 1121 811 utramque
1144 751 1220 810 gen-

84 837 186 900 tem„
203 825 420 909 jungendsqne
455 828 584 898 foedera
617 829 772 903 abieram,
811 839 965 892 mutatum
989 853 1060 912 erga
1081 851 1133 889 ure
1154 831 1219 908 ejus

81 927 230 990 intellexi
249 927 406 1003 animum,
446 927 651 1008 hostilemque
678 929 832 990 induisse:
873 930 956 1010 quod
979 948 1047 988 curn
1068 929 1145 994 milri
1161 949 1219 986 su-

82 1025 256 1100 boluisset,
297 1029 360 1088 alio
381 1028 495 1088 itinere
518 1028 685 1089 Barbarion
707 1047 788 1108 gare·
806 1039 841 1090 ut
862 1027 1048 1090 eveheretur
1057 1053 1082 1102 ,ν
1103 1026 1220 1101 curavi,

81 1125 235 1190 adalind
257 1128 429 1208 meipsum
452 1127 607 1203 commisi,
622 1149 687 1214 'ego
709 1127 793 1189 evasi
815 1127 996 1203 incolumis,
1026 1147 1099 1208 opos
1119 1128 1220 1187 inter-

81 1233 202 1304 ceptae,
224 1224 370 1303 frateriq
391 1243 552 1288 carcerem
566 1237 728 1289 contrusus
748 1237 800 1288 est.
842 1229 997 1288 Redditur
1015 1231 1119 1307 post'ee
1141 1225 1221 1285 milri

83 1309 265 1404 exemplum
295 1325 375 1406 regis
402 1326 441 1386 ud
463 1325 644 1388 Pontificem
667 1327 926 1392 accusatorium
947 1327 1126 1400 literarum,
1146 1325 1219 1404 qui»

82 1423 142 1493 bns
163 1423 310 1502 plurimis
336 1445 386 1484 me
407 1434 501 1506 urget
520 1427 704 1502 sceleribus,
744 1427 909 1491 nominans
929 1425 1060 1487 subinde
1075 1443 1142 1484 non
1162 1433 1219 1482 ats-

80 1525 190 1604 gelum
211 1524 296 1603 pacis
328 1534 359 1584 et
386 1525 564 1584 Romanum
587 1527 855 1607 apostolicumque
877 1527 1010 1609 legatum
1016 1565 1028 1594 ,
1067 1513 1122 1585 s⁸ed
1143 1543 1218 1582 con·
1311 1591 1313 1596 ¹

82 1625 247 1684 citatorem
270 1623 460 1684 tumultuum
492 1633 522 1684 et
548 1624 741 1704 proditorem
760 1626 938 1708 pessimum,
957 1637 993 1692 ut
1012 1625 1067 1706 qui
1087 1621 1214 1686 Arelsie

80 1725 247 1806 piscopum
257 1723 480 1805 Upsaliensem,
501 1723 606 1784 virum
629 1722 748 1806 alioqui
768 1726 1081 1806 praestantissimum?
1095 1725 1218 1805 qnislbi

81 1827 218 1906 faveret,
237 1845 295 1906 per
316 1823 434 1882 hostem
458 1841 549 1892 sunm
567 1820 754 1885 acerrimum
776 1835 883 1886 contre
902 1827 952 1906 jus
981 1825 1090 1905 fasque
1108 1823 1147 1883 sd
1168 1843 1219 1885 re-

82 1922 269 2004 signandum
292 1921 606 2003 erchiepiscopatum,
627 1921 831 1998 etinvitum,
857 1934 889 1986 et
906 1925 1073 2008 captiuum¹
1088 1941 1218 2005 desuper

84 2023 196 2096 ierim:
217 2041 372 2104 superque
393 2021 658 2104 archiepiscopatu
685 2023 893 2102 septingentos
911 2024 1118 2106 ducatos'pro
1139 2043 1218 2105 pen-

80 2123 172 2184 sione
192 2141 297 2184 annne
323 2133 429 2202 pactus
451 2120 531 2182 milri
559 2119 685 2193 fuerim,
710 2131 742 2180 et
762 2141 824 2200 quo
845 2143 881 2183 es
902 2123 990 2184 fraus
1010 2125 1130 2184 occulta
1149 2143 1217 2184 me·

39 2280 41 2288 .
79 2235 187 2296 neret,
208 2227 349 2302 teots'que
368 2230 447 2282 esset
466 2231 534 2283 tum
555 2219 696 2292 ambitio,
720 2219 797 2284 haee
817 2221 1042 2304 omuisipsum
1056 2241 1217 2302 euuspon-
1330 2299 1332 2306 Ι

80 2333 113 2401 te
134 2317 262 2385 Sustine
283 2321 466 2402 Tyrannum
489 2339 525 2382 so
545 2329 633 2390 motu
652 2315 702 2400 (ut
725 2320 827 2402 ajunt)
848 2320 944 2401 egisse
963 2320 1103 2403 proprio,
1127 2331 1218 2382 meet

87 2421 282 2502 ignorante,
324 2430 356 2482 et
376 2419 521 2494 nolente,
563 2415 789 2480 confinxerim:
832 2420 947 2500 quique
973 2419 1139 2482 abeodem
1161 2441 1217 2487 sno

80 2519 173 2614 hoste
194 2519 475 2602 inexpeditiouem
497 2516 546 2600 (ut
563 2528 676 2584 voesst
697 2518 868 2599 bullarum)
887 2520 949 2584 tris'
969 2521 1069 2584 millia
1090 2517 1218 2581 durate

79 2643 174 2695 rum,
217 2631 248 2702 et
268 2611 302 2678 in
322 2628 449 2700 urgento
469 2618 619 2693 informi,
663 2629 694 2678 et
713 2639 811 2700 cupro
830 2618 1021 2701 acceperim,
1060 2631 1217 2701 quo-eum
1315 2675 1321 2690 ,

79 2719 275 2802 rebellesque
295 2718 420 2786 Suetius
439 2717 572 2800 populos
601 2717 749 2786 adversus
775 2737 877 2807 regem
903 2739 1013 2782 rerum
1054 2731 1088 2780 et
1115 2719 1218 2799 legiti-

80 2841 171 2883 mum
202 2818 291 2900 regni
315 2819 491 2910 prinoipem
519 2820 639 2888 Romae
669 2819 871 2904 defenderem
891 2817 1047 2901 atqueei
1067 2818 1218 2878 dandina-

79 2923 164 2985 lium
183 2939 334 2994 numere,
354 2940 448 3003 quem
470 2921 594 2996 vellem,
610 2919 644 2980 in
667 2917 793 2982 Suetise
811 2929 1019 3000 protectorem
1047 2928 1140 2999 etque
1160 2937 1218 2998 pa·
1324 3007 1326 3011 Ι

79 3033 211 3092 nonum
237 3017 278 3094 sd
303 3039 354 3080 me
379 3030 588 3100 cooptarems
622 3020 678 3101 qui
707 3020 820 3086 deiude
850 3041 958 3108 pessus
983 3019 1044 3084 sisu
1072 3035 1218 3099 praesens

78 3122 219 3186 eundem
243 3117 530 3205 archiepiscopum,
564 3119 666 3185 virum
695 3119 848 3201 optimum
895 3129 927 3180 et
950 3117 1177 3202 dignissimum,
1197 3135 1218 3176 a

80 3219 246 3301 tyrannico
286 3219 418 3294 satellite
433 3219 487 3308 ..in
524 3228 617 3302 caput
642 3219 804 3282 vulnerari
836 3217 994 3299 primum,
1036 3227 1218 3308 percussore

79 3319 196 3381 deinde
221 3319 261 3382 sb
288 3315 518 3399 irregularitate
543 3319 703 3398 absolute,
746 3320 850 3401 ipsum
877 3319 969 3379 etism
998 3335 1035 3377 ac
1054 3321 1217 3396 petentem

79 3419 512 3494 strenuissimum,.auratmn
533 3419 684 3500 equitem,
716 3439 755 3481 sc
774 3418 853 3478 alios
872 3417 948 3481 item
967 3415 1090 3477 nobiles
1107 3413 1143 3472 in
1168 3423 1218 3474 te-

80 3519 227 3582 terrimos
255 3517 552 3588 rursnmcontrndi
576 3537 730 3594 carceres,
771 3535 833 3602 quo
863 3537 904 3576 ne
931 3511 1217 3596 quandossetpere

82 3640 168 3700 spenr
190 3627 315 3698 possent
334 3617 480 3700 aliquem,
501 3626 533 3678 et
552 3637 609 3699 ego
631 3616 757 3680 iuterim
777 3614 978 3697 septingentis
997 3610 1217 3675 duratisfrtu·

82 3720 180 3780 darer.
220 3717 277 3781 Ad'
295 3717 355 3792 lroe
375 3717 457 3790 ultre
478 3717 561 3798 quod
588 3715 945 3782 excommunicationem·
959 3712 1074 3792 injuste
1094 3711 1217 3772 lusere

80 3817 281 3898 apostolicam
301 3817 547 3912 impetraverim,
569 3817 700 3879 crimine
721 3815 867 3897 plurime,
890 3835 926 3878 se
948 3805 1114 3874 falsissima
1134 3807 1217 3888 aqud

83 3921 207 3993 Succos,
228 3917 263 3978 in
283 3937 349 3978 sese
367 3917 485 4000 perfide
507 3927 613 3980 contre
637 3915 801 3998 legationis
820 3913 870 3994 jus
901 3933 937 3974 ee
956 3910 1107 3978 mittentis
1125 3929 1216 3969 men-

81 4031 142 4078 tem
161 4017 319 4098 pontificis
341 4019 541 4098 congessisse,
562 4016 675 4086 aeriter
693 4024 823 4080 accuset.
872 4013 973 4076 Isdem
995 4009 1109 4072 deinde
1129 4008 1216 4068 litte-

82 4118 124 4188 ¹sis
144 4117 263 4191 obnixe
284 4107 451 4194 admodum
472 4140 490 4180 e
510 4115 657 4202 pontifice
679 4115 817 4181 maximo
845 4115 939 4196 petit,
980 4124 1015 4173 ut
1040 4111 1077 4170 iu
1104 4127 1156 4167 nse
1184 4115 1215 4168 et

82 4216 395 4299 perfidumlegatum
428 4228 459 4280 et
486 4218 677 4300 proditorem
705 4236 797 4280 suum
817 4227 900 4278 recte
919 4233 954 4274 ec
973 4213 1053 4294 juste
1073 4205 1215 4267 enimte—

78 4327 203 4395 uertet,
225 4337 267 4385 tto
287 4318 322 4382 id
341 4319 408 4403 ipse
429 4320 533 4381 fecere
559 4329 704 4400 cogetur:
743 4315 861 4397 alioqui
881 4335 960 4398 quse
988 4311 1095 4374 omnis
1111 4307 1215 4370 umoio
