2872 4722
407 275 955 340 ouscunvrnnn·
1036 357 1038 364 Α
1152 279 1236 348 ,135

107 433 331 518 grumentiam,
353 435 440 514 quod
456 435 599 496 mulieres
615 446 788 498 saeuiant·
814 438 855 499 Et
870 415 1044 519 unicunque
1059 443 1235 504 *connaiss-

107 537 163 610 rit,
186 536 256 614 ipse
285 545 332 595 est
349 537 626 596 excommunicatus
646 537 685 598 de
706 537 805 613 facto,
840 547 871 600 et
889 538 1083 618 inquisitores
1103 540 1236 602 haereti-

107 657 158 698 cae
178 634 343 716 pravitatis
362 645 486 716 possent
501 655 571 695 euru
588 635 698 718 citare,
719 649 808 718 atque
821 637 855 700 in
868 638 972 718 iguem
988 639 1143 710 damnare.
1171 642 1235 718 Ego

107 735 174 794 dixi
195 734 286 798 vobis
308 735 400 794 etiam
422 752 519 794 unum
540 739 738 828 exemplum,
760 739 844 826 quod
864 737 980 798 debetis
999 749 1121 814 notare,
1147 737 1236 800 vide-
1292 747 1295 754 '

107 835 269 894 licet-hoc.
333 836 423 905 Unus
439 835 665 902 'Baeculanrius
684 838 851 922 Lypseusis
879 838 994 900 amavit
1018 857 1112 898 unam
1141 837 1236 918 virgi·
1303 905 1306 912 Ι

108 955 179 992 nem
201 934 403 994 catharinam
425 934 570 1010 Pistoris,
608 949 638 996 et
656 937 779 1016 jactavit
798 937 897 1017 ipsam
916 958 986 998 cum
1008 957 1101 1018 pomo
1121 937 1237 1018 Nigro·
1336 980 1340 1002 t

107 1034 261 1108 mantice,
282 1032 403 1114 etipsa
419 1053 547 1113 pomum
566 1035 702 1116 accepit,
724 1046 756 1096 et
773 1037 877 1117 posuit
896 1037 935 1098 ad
954 1049 1062 1118 pectus
1080 1057 1171 1098 suum
1185 1037 1250 1095 iu-*

106 1143 155 1193 ter
175 1132 350 1205 mamillas,
389 1141 420 1191 et
447 1133 547 1194 statim
573 1129 689 1216 incepit
715 1135 808 1196 istum
828 1136 1060 1200 Baccalaurium
1081 1134 1237 1198 furialiter

107 1253 239 1306 amare,
263 1232 324 1305 sie,
353 1230 599 1312 quod,1quando
623 1234 684 1294 fuit
712 1235 746 1294 in
771 1235 925 1310 Ecclesia,
948 1255 1084 1317 mamper
1102 1235 1237 1317 inspexit

105 1333 198 1392 istum
210 1330 452 1391 Baccalaurium.
473 1333 514 1392 Et
532 1332 655 1412 wando
669 1334 774 1396 debuit
787 1356 893 1398 orare:
914 1333 1026 1410 „Pater
1044 1346 1161 1405 noster,
1182 1333 1235 1414 qui

106 1455 139 1492 es
162 1433 199 1492 in
219 1431 351 1504 coelis,“
376 1430 491 1492 oravits
519 1433 755 1508 „Bacoalaurie,
776 1435 833 1495 uhi
851 1434 934 1496 euiu
954 1434 1056 1502 Etiam
1077 1435 1112 1496 in
1132 1435 1234 1508 domo,

105 1533 233 1613 quando
254 1543 342 1610 pater
361 1531 413 1591 vel
435 1543 533 1590 mater
553 1532 696 1594 clamavit
716 1533 791 1609 sibi,
812 1533 987 1616 respondite
1010 1533 1234 1607 *Baccalanrie

105 1633 185 1712 quid
204 1631 323 1693 vultist
342 1631 383 1689 Et
401 1629 467 1708 ipsi
482 1649 546 1689 non
566 1631 803 1708 intellexerunt,
824 1635 925 1695 donec
943 1633 1070 1713 quidam
1089 1633 1236 1714 Magister
1264 1701 1268 1714 Ι

105 1741 218 1792 noster
241 1730 501 1812 praetergrediens
530 1729 657 1791 domum
689 1732 754 1810 ejus
780 1733 925 1795 salutavit
949 1732 1038 1798 istam
1070 1732 1234 1812 virginem,

105 1833 234 1892 dioensa
273 1830 405 1890 Domina
425 1829 604 1903 Catharina,
638 1831 760 1892 *honum
779 1855 864 1894 sero:
890 1831 1033 1914 proficiat
1051 1833 1234 1896 vohis:·vos

103 1933 227 1994 habetis
247 1951 341 1992 uuum
362 1929 529 2011 pulchrum
551 1929 687 1990 crinale!
725 1933 766 1991 Et
791 1933 951 2015 respondit
975 1932 1031 1993 illa
1062 1932 1152 2016 virgo
1172 1931 1233 1992 Ga-

102 2032 244 2095 tharinas
283 2033 353 2090 Deo
373 2029 499 2108 gratias,
525 2029 605 2090 bona
625 2031 837 2107 Baccalaurie,
866 2033 960 2095 vultis
982 2052 1104 2092 mecum
1126 2031 1233 2090 bibere

103 2135 143 2194 de
164 2132 281 2212 optima
300 2129 472 2214 cerevisia?
511 2129 674 2210 porrigens
702 2132 763 2192 sibi
782 2131 975 2202 cantharum,
1036 2133 1157 2195 Verum
1176 2130 1232 2192 ille

101 2234 249 2313 Magister
283 2242 388 2290 noster
421 2229 483 2289 mit
516 2227 632 2299 iratus,
673 2233 826 2296 accusavit
858 2234 956 2317 ipgam
986 2229 1069 2311 apud
1101 2239 1231 2290 matrem
1265 2279 1267 2286 ,

5 2323 10 2334 ’
100 2355 205 2407 suam,
227 2333 293 2394 sies,
307 2327 443 2389 Domina
459 2327 619 2390 Pistorisaa
629 2373 638 2404 ,
659 2331 802 2412 corrigite
820 2330 916 2392 filiam
937 2340 1086 2402 vestram,
1106 2328 1173 2407 ipsa
1187 2336 1231 2386 est

99 2433 192 2496 valde
208 2430 391 2505 indisereta3
411 2427 629 2490 scandalizavit
648 2441 784 2492 neuram
807 2429 1063 2492 Universitatem:
1083 2447 1156 2493 nam
1172 2447 1230 2488 vo-

97 2533 184 2594 cavit
206 2549 261 2590 me
276 2527 519 2603 Bacealaurium,
542 2541 573 2586 et
591 2549 658 2588 sum
678 2529 826 2611 Magister
846 2543 965 2592 noster:
988 2531 1105 2600 Amen,
1127 2544 1228 2598 amen,

98 2635 171 2695 dieo
189 2627 297 2702 vohis,
334 2627 415 2705 quod
436 2629 626 2709 perpetravit
644 2641 803 2710 peceatum
825 2632 970 2699 mortale:
1005 2623 1131 2694 abstulit
1150 2625 1229 2688 mihi

97 2736 254 2794 honorem
274 2748 391 2802 meum,
415 2739 446 2788 et
462 2738 620 2808 peccatum
640 2751 704 2790 non
726 2730 911 2804 dimittitur,
939 2728 1000 2802 nisi
1018 2722 1154 2790 ablatum
1173 2745 1226 2786 re-

97 2835 252 2895 stituatur.
314 2828 403 2889 Alios
423 2827 583 2906 Magistros
605 2841 725 2890 nostros
753 2829 926 2892 nominavit
947 2829 1039 2889 etiam
1059 2825 1227 2890 Baccalau-
1338 2901 1344 2913 x

97 2935 175 3009 rios;
212 2949 269 3010 ego
291 2929 407 3002 eredo,
422 2928 504 3006 quod
529 2939 610 2988 amat
635 2950 734 2989 unum
761 2928 1012 3002 Baecalaurium,
1039 2926 1151 2991 habete
1171 2925 1227 2986 ad-
1301 2951 1306 2972 κ

96 3030 291 3094 vertentium.
352 3029 444 3090 Tunc
472 3037 570 3092 mater
590 3027 657 3106 ejus
677 3027 793 3110 accepit
811 3050 910 3092 unum
935 3029 1072 3108 liguum,
1112 3045 1227 3105 percu-

96 3133 175 3193 tiens
194 3131 294 3210 ipsam
315 3127 354 3186 ad
374 3135 466 3205 caput
492 3135 522 3186 et
545 3127 670 3187 dorsum
698 3150 807 3205 suum,
848 3130 931 3211 quod
958 3125 1130 3214 perminxi't
1148 3145 1224 3197 sese,

92 3231 282 3310 inclusitque
304 3227 403 3306 ipsam
421 3225 455 3284 in
476 3225 576 3285 cubile
597 3247 655 3307 per
675 3228 836 3290 dimidium
857 3250 990 3302 armum,
1030 3238 1061 3286 ct
1083 3223 1178 3291 dedit,
1194 3221 1223 3282 ei

93 3351 209 3412 panem
226 3339 258 3386 et
278 3347 388 3406 aquam
409 3325 577 3384 comedere.
618 3328 738 3388 Interea
758 3327 906 3409 temporis
919 3322 1132 3386 Baccalaurius
1148 3342 1224 3401 pro-

94 3429 197 3502 cessit,
222 3437 254 3486 et
276 3425 443 3485 celebravit
463 3423 630 3505 primitias,
649 3435 815 3507 posteaque
833 3427 918 3486 rexit
936 3444 1034 3488 uuam
1043 3421 1221 3502 parochiam

93 3531 127 3588 in
142 3525 284 3587 Saxonis
298 3525 455 3584 Paderau:
497 3524 579 3604 qnod
599 3525 758 3605 cumipse
778 3526 915 3597 audivit,
956 3521 1078 3588 saltavit
1100 3540 1140 3582 ex
1160 3519 1223 3578 alta

93 3629 247 3698 fenestra,
270 3635 301 3684 et
320 3621 416 3702 fregit
434 3624 520 3702 quasi
540 3625 684 3684 dextrum
700 3625 896 3700 brachium,
915 3633 946 3684 et
967 3620 1048 3700 fugit
1067 3619 1108 3689 in¹
1123 3620 1222 3684 Saxo-

93 3728 180 3786 niam
202 3725 244 3786 ad
261 3725 355 3784 istum
373 3724 614 3799 Baccalaurium,
635 3745 706 3786 eum
728 3745 792 3804 quo
810 3723 911 3786 adhuc
932 3727 977 3782 est
995 3719 1147 3784 hodierna
1159 3717 1220 3792 die,
1331 3730 1337 3740 “

93 3837 124 3886 et
143 3828 241 3886 habet
263 3845 334 3884 cum
355 3843 392 3881 eo
412 3833 544 3900 quatuor
563 3843 684 3904 pueros.
733 3825 797 3884 Vos
811 3843 892 3884 >vero
912 3824 993 3883 hene
1011 3817 1109 3892 scitis,
1137 3817 1221 3896 quod

94 3927 155 3985 hoe
178 3938 224 3986 est
243 3925 419 3984 scandalum
442 3922 641 3984 inEcclesia.
702 3925 785 4005 Ergo
805 3923 900 4002 igitur
917 3920 1034 3984 dehetis
1053 3937 1163 3978 cavere
1182 3917 1220 3976 ab
1323 3935 1339 3950 ‘
1428 3927 1429 3936 ¹

93 4025 150 4106 illa
172 4036 239 4085 arte
259 4023 515 4103 Nigromantica,
539 4045 658 4104 exque
687 4024 818 4086 veniunt
837 4025 933 4088 multa
953 4022 1040 4083 mala.
1082 4015 1221 4080 svamm

94 4127 222 4204 potestis
242 4126 322 4185 bene
342 4125 390 4183 uti
412 4121 578 4198 medicina,
614 4143 706 4202 quam
733 4123 820 4186 vobis
840 4118 983 4188 dominus
1004 4123 1121 4184 Ductor
1141 4119 1221 4185 Bru-

95 4227 197 4286 nellus
217 4223 525 4303 docuitde-Gynie.
553 4232 597 4282 est
616 4223 697 4284 buna
716 4223 881 4299 medicina,
918 4243 972 4304 ego
998 4219 1129 4303 probavi
1153 4237 1219 4275 eam
