2872 4722
207 323 291 420 'no
589 321 988 424 urisronnu

231 511 294 580 illis
320 512 453 576 libenter
476 510 592 574 fuistis-
606 511 762 572 asebando
792 521 823 572 et
851 509 1033 593 equitando,
1067 507 1101 570 in
1127 529 1189 592 quo
1218 528 1275 590 ego
1301 527 1358 572 vos

230 632 320 694 saepe
339 612 452 674 taxavi.
506 607 570 672 Sed
588 620 691 671 temen
712 631 782 670 eum
802 611 903 671 adbuc
922 610 1027 672 omnia
1046 609 1129 670 bona
1147 621 1234 686 sunt,
1262 609 1359 671 v'olu-

231 732 300 772 mus
320 713 440 772 referre
462 712 530 772 Deo
550 712 622 770 lesu
641 709 765 769 meritus
778 720 898 790 grates,
929 709 1095 791 quod·tam
1115 708 1169 768 diu
1189 708 1359 770 mansimus

232 809 306 869 sani.
357 810 460 870 Miror
480 807 587 882 valde,
622 807 706 888 quod
725 807 804 868 mibi
825 819 984 890 nunquam
1005 806 1184 888 scripsistis,
1216 827 1287 868 cum
1310 817 1358 866 ta-

231 928 303 967 men
324 907 442 966 bebetis
464 908 577 967 multos
597 908 727 967 nuncios
747 907 786 966 ed
805 909 929 989 Lipsig,
952 916 983 967 et
1003 906 1081 967 bene
1101 906 1249 981 solvistis,
1274 906 1358 987 quod

231 1006 283 1066 hic
304 1026 425 1086 semper
445 1004 591 1066 habitavi.
632 1007 698 1088 Ego
720 1026 783 1065 ηοη
804 1027 930 1087 possum
950 1026 1015 1065 esse
1034 1015 1096 1066 tam
1117 1005 1226 1086 piper,
1246 1015 1282 1066 ut
1302 1025 1358 1064 vos

232 1104 317 1177 estis,
346 1125 442 1184 quare
463 1105 557 1164 etiam
578 1103 679 1165 scribo
699 1105 804 1198 vobis,
832 1116 863 1167 et
882 1127 1005 1187 semper
1024 1104 1125 1164 scribo
1145 1104 1297 1176 libenter,
1329 1110 1359 1161 et

231 1203 309 1271 scio,
332 1203 415 1283 quod
436 1203 471 1264 in
493 1203 555 1263 illis
576 1205 683 1279 annis,
704 1203 757 1284 qui
801 1225 907 1266 sinon
927 1206 1021 1272 simul
1040 1202 1175 1264 invicem
1192 1223 1258 1263 non
1277 1200 1359 1262 vidi-

231 1321 318 1377 mus,
357 1301 472 1382 scripsi
494 1303 676 1386 plusquam
696 1204 808 1384 vigildi
828 1303 933 1368 literas
954 1304 994 1365 ad
1014 1303 1117 1363 doctos
1137 1303 1238 1374 viros,
1276 1321 1358 1359 meos

231 1401 380 1480 aequales.
423 1401 484 1460 Sed
504 1384 638 1463 tiuubeat
658 1401 713 1464 ille
726 1384 821 1478 ,ebor
840 1423 911 1464 oum
931 1404 1066 1464 caeteris.
1108 1401 1245 1461 Domine
1266 1399 1362 1464 nobi-¹¹

230 1500 315 1573 lists,
337 1520 393 1580 ego
414 1499 509 1560 velim
530 1497 617 1580 quod
632 1485 734 1581 nuper
752 1502 886 1564 fuissetis
906 1503 975 1577 hio,
1004 1501 1128 1582 quando
1147 1497 1356 1560 serenissimus

231 1598 378 1678 Princeps
399 1599 560 1672 ,Senoniae
586 1599 697 1660 babuit
721 1622 791 1660 sues
811 1601 934 1683 nuptias
961 1621 1031 1660 cum
1053 1599 1263 1681 pulcherrima
1282 1597 1357 1657 eho-

231 1697 398 1772 risatione,
417 1697 473 1757 ubi
494 1696 625 1759 fuerunt
645 1699 736 1758 multi
755 1701 926 1767 nobilistee.
988 1699 1054 1778 Ego
1075 1698 1124 1759 fui
1144 1697 1257 1758 inillis
1276 1717 1357 1777 nup-

231 1798 284 1858 tiis
304 1797 414 1856 missus
436 1816 507 1858 cum
527 1797 660 1857 Rectore
681 1808 786 1860 nostro
804 1797 968 1880 Lipsensi,
1011 1805 1049 1857 ut
1075 1796 1153 1856 solet
1178 1795 1263 1870 fieri,
1304 1795 1358 1854 ubi

231 1897 466 1978 propinavimus
487 1915 628 1974 magnam
651 1897 827 1972 crateram,
866 1908 898 1959 et
916 1897 1029 1958 multos
1049 1894 1183 1955 florenos
1202 1895 1301 1969 intre,
1330 1904 1358 1954 et

231 1997 399 2057 mansimus
419 1995 465 2054 ibi
483 2016 540 2076 per
562 1996 639 2055 duos
659 1997 740 2072 dise,
771 2008 802 2057 et
824 1997 942 2060 suimus
961 1995 1053 2057 valde
1072 1993 1162 2069 laeti,
1197 2004 1227 2055 et
1249 1993 1357 2053 bilari-

231 2107 281 2156 ter
300 2115 356 2155 nos
376 2094 559 2167 refecimus,
581 2114 663 2156 uuus
686 2094 725 2154 ed
745 2089 877 2158 alterum
897 2092 1041 2156 bibendo.
1092 2095 1158 2174 Ego
1177 2093 1275 2152 habui
1295 2112 1357 2151 me-

233 2214 303 2256 eum
324 2214 423 2256 unum
445 2192 615 2266 famulum,
648 2193 703 2273 qui
722 2192 831 2256 habuit
851 2195 926 2254 duos
948 2193 1044 2265 ollas,
1076 2191 1178 2252 stille
1197 2192 1279 2251 bene
1303 2191 1357 2250 sci-

232 2294 288 2368 vit,
311 2293 366 2354 ubi
378 2311 434 2372 ego
454 2291 593 2356 sederem
613 2291 648 2353 in
664 2311 778 2368 mensa,
800 2303 831 2353 et
850 2292 954 2376 posuit
972 2291 1043 2351 illes
1061 2291 1138 2350 ollas
1155 2290 1243 2351 infra
1262 2311 1358 2350 scam-

233 2413 308 2454 num
330 2411 452 2466 meum;
473 2402 547 2449 ωηο
567 2389 731 2454 babuimus
750 2391 861 2458 vinum
877 2391 915 2458 de
930 2389 1068 2456 meliori:
1087 2390 1168 2456 scitis
1181 2391 1260 2450 bene
1280 2389 1358 2473 quod

234 2502 280 2556 est
305 2489 401 2553 illud:
432 2502 476 2548 est
506 2489 590 2555 enim
619 2489 796 2554 dulcissime
821 2491 926 2567 dulce,
965 2492 1048 2578 quod
1069 2513 1124 2577 ego
1145 2500 1208 2553 tam
1227 2489 1358 2549 libenter

233 2590 331 2664 bibo,
346 2599 382 2650 ut
402 2587 482 2648 mihi
502 2587 557 2650 fiat
576 2590 746 2651 rotundum
764 2601 855 2677 eaput
874 2591 963 2666 inde,
987 2602 1017 2652 et
1037 2601 1105 2678 post
1125 2589 1296 2672 prandium
1313 2609 1358 2653 so-

234 2690 285 2752 leo
305 2700 380 2749 tunc
403 2687 576 2747 chorisare:
618 2699 692 2750 tune
709 2690 813 2776 accepi
835 2701 866 2752 et
877 2689 1008 2771 implevi
1031 2689 1070 2750 de
1089 2689 1224 2763 meliori,
1249 2699 1284 2749 et
1304 2689 1358 2748 ite-

234 2807 305 2860 rum
327 2787 419 2866 posui
437 2785 522 2846 infre
542 2806 697 2848 mensam:
739 2787 800 2847 boe
820 2798 923 2851 autem
942 2788 1004 2850 feci
1025 2789 1106 2869 quod
1128 2785 1246 2872 aliquid
1266 2789 1357 2848 habe·

235 2904 337 2944 remus
358 2882 464 2943 bibere
485 2883 519 2942 in
539 2886 600 2945 rie.
661 2887 771 2947 Postea
800 2887 881 2948 inter
911 2889 972 2948 alie
992 2888 1090 2948 mtdtu
1109 2886 1229 2947 fereula
1248 2886 1359 2948 hebui·

235 3002 303 3042 mus
333 2983 450 3072 bonum
487 2982 643 3062 galrinum
689 3005 760 3046 eum
789 2983 901 3062 'multis
927 2985 1048 3066 gallinis
1079 2995 1110 3046 et
1135 2985 1225 3045 bonis
1252 2987 1357 3046 rebus:

234 3091 309 3144 ωηο
330 3081 433 3160 accepi
453 3081 545 3140 aliam
565 3083 678 3157 ollem,
709 3098 741 3145 et
758 3085 888 3167 implevi
908 3107 979 3146 eum
1007 3095 1072 3146 totu
1099 3084 1228 3165 gulline;
1269 3086 1356 3144 etiam

159 3197 172 3245 s
235 3177 398 3255 hocfeci,
443 3189 479 3239 ut
506 3181 685 3262 magnificus
705 3185 859 3246 Dominus
886 3186 1001 3246 Rector
1029 3193 1060 3246 et
1087 3203 1142 3265 ego
1178 3182 1357 3244 haberemus

235 3277 354 3357 aliquid
375 3277 535 3338 comedere
555 3280 590 3339 iu
610 3281 670 3342 vis.
711 3283 769 3344 Illo
789 3284 834 3344 sic
854 3283 977 3358 habito,
1004 3281 1072 3344 dixi
1092 3282 1132 3342 ad
1151 3303 1250 3343 unum
1271 3283 1357 3343 nobi·

235 3376 349 3440 listams
390 3376 527 3438 Domine
547 3379 706 3457 nobilists,
734 3391 841 3444 vocate
861 3383 940 3444 mibi
959 3375 1083 3443 se'rvum
1107 3402 1227 3455 meum,
1262 3381 1356 3443 babeo

235 3476 295 3538 sibi
317 3474 435 3556 aliquid
458 3475 582 3556 dicere,
615 3499 687 3541 cum
707 3479 763 3540 ille
788 3480 926 3558 fecisset,
958 3490 989 3543 et
1010 3501 1119 3542 servus
1139 3480 1242 3555 venit,
1276 3480 1356 3541 dixis

236 3574 372 3648 famule,
405 3573 496 3650 veni,
530 3575 600 3638 leva
618 3579 697 3640 mibi
712 3580 889 3656 cultellum,
930 3581 1014 3661 quod
1044 3580 1154 3641 cecidit
1176 3579 1256 3640 mihi
1276 3580 1356 3639 infra

237 3695 373 3736 mensem
393 3673 461 3752 (sed
482 3686 584 3736 temen
607 3697 662 3758 ego
682 3679 815 3742 libenter
836 3679 907 3740 misi
926 3679 1057 3761 eadere)
1080 3679 1173 3741 etsie
1195 3678 1294 3761 repsit
1312 3677 1355 3737 iu-

237 3774 287 3834 srs
305 3794 462 3847 mensem,
485 3784 517 3841 et
536 3778 653 3858 aceepit
674 3779 833 3840 cultellum
854 3789 884 3840 et
905 3779 982 3842 ollas
1004 3779 1088 3842 infre
1109 3791 1241 3853 vestem,
1269 3777 1355 3840 etsie

238 3871 412 3948 distillavit,
434 3876 519 3953 quod
539 3877 644 3938 nullus
665 3899 801 3960 unquam
822 3879 911 3941 vidit.
959 3880 988 3941 Ο
1010 3889 1112 3941 saneta
1132 3877 1310 3952 Dorotbea,
1333 3873 1355 3934 si

137 3990 139 3994 ¹
238 3977 312 4028 tuno
332 3970 497 4034 affuissetis
513 3977 673 4038 nobiscum
693 3977 727 4037 in
747 3978 814 4055 via,
848 3979 972 4059 quando
996 3979 1190 4060 perreximus
1215 3977 1255 4038 td
1283 3974 1355 4054 Lip-

189 4090 197 4105 ·
239 4066 435 4146 riguerunt,
469 4095 561 4154 quam
582 4076 759 4154 jucunditer
779 4078 982 4139 voluissemus
1002 4079 1101 4139 vitam
1118 4077 1276 4153 babuisse3
1306 4092 1355 4154 ego

240 4165 359 4232 comedi
380 4170 470 4232 etism
502 4175 541 4234 ed
562 4174 638 4236 duos
658 4176 724 4236 dies
742 4186 847 4258 postea
871 4178 910 4239 de
926 4177 989 4238 illis
1009 4178 1165 4259 reliquiis,
1206 4177 1279 4257 quia
1297 4192 1354 4233 non

241 4267 395 4339 pontimus
415 4279 513 4336 totum
534 4275 726 4340 commedere
746 4277 780 4340 in
800 4271 860 4342 vis.
901 4280 1068 4360 Propterea
1088 4288 1190 4339 autem
1203 4273 1354 4338 vobisboe
