2872 4722
403 311 949 405 ori-scuaivtaoa:
1174 332 1240 401 tes

104 465 192 570 picis
206 483 332 546 cucullo
354 471 485 567 quamor
506 483 606 546 desim
624 489 802 561 coronatos,
831 485 913 568 quod
927 485 1005 566 (heu
1016 473 1238 574 proh'dolsri)

105 605 228 667 semper
249 585 433 646 damnosum
455 597 547 657 esset,
566 585 621 644 sed
640 605 722 646 uuus
743 583 858 659 eredit,
880 593 912 646 et
925 587 1077 648 secundus
1088 607 1152 650 non
1167 611 1237 652 ere-

106 684 159 744 dit.
184 685 280 744 Tunc
291 695 406 765 quanto
418 683 473 744 ille
485 685 585 744 bonus
596 685 706 745 Frater
717 685 797 746 vidit
804 727 813 759 ‚
835 684 918 764 quod
930 685 1094 766 injuriatus
1108 700 1139 749 et
1150 691 1238 753 dam-

105 783 248 845 nificatus
263 784 326 844 fuit
334 827 344 858 ,
365 785 412 845 ivi
423 784 461 844 'sd
475 783 637 844 Pedellum
651 805 809 846 cursorem
823 784 956 845 civitatis
969 783 1059 866 (novi
1066 772 1238 853 Latinistse

105 881 217 944 vocant
233 883 409 964 viatorem)
437 889 468 945 e't
488 882 569 943 dixit
582 883 721 944 adeum:
743 883 853 959 chare,
879 883 958 946 vade
974 885 1012 946 ad
1026 885 1113 946 illam
1126 897 1157 949 et
1176 889 1237 967 dic,
1304 949 1311 974 s

107 984 186 1061 quod
208 985 263 1045 det
280 983 362 1044 mihi
382 1003 481 1043 meam
504 983 665 1043 cucullam.
727 983 871 1043 Pedellus
883 982 977 1044 dixitr
1013 995 1069 1066 ego
1087 988 1161 1047 nolo
1179 988 1236 1062 ire,

105 1083 229 1162 quando
240 1095 275 1145 tu
290 1083 377 1159 dieis,
399 1081 452 1143 sed
466 1083 588 1162 quando
597 1082 792 1162 Magistratus
808 1083 891 1158 dicit,
914 1103 968 1163 ego
983 1086 1056 1145 volo
1069 1086 1125 1148 ire.
1146 1089 1237 1150 Tuus

104 1183 215 1244 Frater
226 1203 290 1244 nou
304 1185 385 1242 bene
401 1184 624 1253 consideratus,
653 1163 694 1241 er¹
708 1183 790 1242 bono
807 1183 875 1242 zelo
897 1197 988 1263 quem
1008 1181 1130 1260 babuit,
1152 1189 1237 1268 quod

103 1282 303 1362 Magistratus
325 1293 403 1342 esset
423 1283 528 1343 fautor
549 1281 695 1349 Ordinis,
724 1280 784 1342 ivit
806 1282 846 1341 ad
863 1283 1092 1362 Magistratum,
1112 1295 1145 1344 et
1162 1285 1238 1350 feeit

103 1389 190 1440 ‘suam
209 1383 375 1462 querelam.
394 1384 485 1443 Tunc
498 1381 693 1460 Magistratus
706 1380 782 1440 feeit
792 1381 959 1456 actionem,
981 1389 1012 1443 et
1022 1383 1106 1444 misit
1117 1395 1176 1464 pro
1190 1405 1238 1463 ea,

102 1489 133 1539 et
149 1481 280 1560 quando
295 1482 382 1540 venit
389 1522 399 1554 ‚
420 1482 618 1561 Magistratus
630 1479 833 1558 interrogavit
845 1499 931 1542 eam:
953 1501 1048 1561 quare
1063 1484 1137 1544 huic
1149 1504 1237 1547 suam

101 1581 258 1639 'cucullam
274 1579 465 1659 deportasti?
486 1582 578 1640 Tunc
595 1579 661 1659 ipss
676 1579 774 1652 stetit,
798 1587 830 1638 et
841 1579 910 1640 sine
929 1583 1119 1642 verecundia
1131 1587 1237 1647 omnia

101 1679 270 1738 manifeste
286 1678 381 1753 dixit,
405 1687 436 1740 et
453 1679 609 1759 quomodo
622 1677 661 1737 ad
676 1688 737 1737 tres
751 1687 854 1738 nostes
869 1681 903 1739 in
917 1681 1107 1742 Mouesterio
1120 1682 1192 1759 fuit,
1206 1693 1238 1745 et

103 1779 266 1857 quomodo
279 1789 377 1838 seeum
397 1777 533 1839 viriliter
547 1776 699 1851 fecerunt,
720 1787 826 1838 etnon
838 1777 992 1841 dederuut
1003 1779 1062 1842 sibi
1080 1783 1237 1844 solarium.

102 1879 202 1937 Tunc
215 1874 409 1956 Magistratus
425 1876 528 1938 uoluit
540 1875 617 1936 boni
634 1877 737 1941 Fratri
758 1878 861 1938 facere
875 1899 962 1939 suam
975 1882 1127 1941 cucullam
1143 1882 1237 1944 reha-

99 1977 194 2050 bere,
216 1977 269 2036 sed
282 1977 362 2038 dixit
381 1977 421 2036 ad
443 1996 527 2036 eum:
555 1975 620 2036 Vos
640 1977 739 2037 multa
760 1979 914 2061 incipitis,
935 1992 1019 2042 certe
1032 2003 1096 2042 non
1115 2001 1238 2064 semper

99 2076 191 2136 'vobis
205 2078 250 2136 sic
267 2076 478 2158 pertransibit.
499 2073 586 2136 Vade
603 2085 639 2136 m
652 2075 685 2136 in
706 2079 833 2138 nomine
855 2090 1013 2141 centorum
1031 2080 1236 2158 diabolorum,

100 2185 132 2234 et
153 2195 244 2236 mane
256 2179 291 2238 in
308 2187 364 2238 tuo
385 2174 582 2248 Monasterio,
602 2183 633 2234 et
644 2174 730 2237 dedit
741 2178 771 2236 ei
783 2178 997 2255 refutatorios,
1032 2181 1122 2240 etsie
1138 2182 1237 2242 bonus

97 2277 211 2336 Frater
227 2275 454 2337 verecundatus
468 2285 499 2334 et
513 2273 660 2334 confusus
678 2260 748 2335 'fuis
788 2279 829 2336 Et
842 2271 1014 2339 illudebant
1029 2277 1077 2351 ei,
1108 2291 1138 2339 et
1151 2289 1237 2361 pest·

97 2393 194 2455 quam
212 2375 382 2436 illusissent
398 2374 443 2449 ei,
473 2376 690 2454 imposuerunt
711 2375 800 2435 nobis
824 2395 947 2436 crucem
966 2394 1126 2456 magnam,
1152 2377 1238 2458 quod

95 2476 154 2535 sub
179 2489 293 2556 magna
313 2483 411 2554 poena
434 2493 498 2534 nou
514 2475 660 2534 debemus
682 2473 818 2533 exterius
837 2475 1060 2535 Msuastesium
1075 2475 1123 2534 ire
1142 2495 1237 2556 super

93 2576 231 2656 plateas.
254 2574 316 2633 Sed
328 2574 514 2635 reverendus
527 2575 628 2647 Pater,
649 2573 757 2640 Frater
769 2573 861 2634 Prior
873 2594 936 2635 non
953 2573 1022 2634 luit
1032 2573 1125 2646 domi,
1133 2588 1236 2653 'quan-

95 2675 135 2734 do
154 2675 513 2753 haecpertransierunt:
547 2671 602 2733 sed
618 2672 742 2752 ¹quando
764 2672 803 2731 de
823 2673 877 2734 via
895 2675 1033 2748 revenit,
1064 2673 1132 2752 ipse
1152 2673 1236 2736 misit
1276 2748 1278 2754 ¹

96 2793 228 2833 omnem
243 2792 309 2832 rem
320 2773 495 2853 pertingere
509 2773 547 2832 ad
559 2768 766 2832 ¹reverendum
776 2771 897 2832 Patrem
906 2771 1143 2846 Provinclalem,
1164 2793 1236 2854 gra*

95 2873 215 2934 tiosum
225 2872 399 2933 Dominum
414 2881 570 2944 nostrum,
592 2871 673 2950 (ipse
687 2871 742 2929 ille
760 2871 867 2931 doctus
886 2873 937 2932 vir
949 2873 1158 2948 illuminatus,
1177 2875 1236 2934 lux

97 2973 229 3048 mundi,
261 2973 315 3052 qui
337 2985 431 3051 s'uper
455 2971 530 3031 duas
549 2971 770 3052 disputationes
791 2981 917 3031 strenue
940 2983 974 3030 se
993 2972 1103 3034 habuit
1127 2983 1235 3034 conus

96 3071 291 3146 haereticos,
313 3085 343 3131 et
362 3069 625 3150 superdispbtavit‘
645 3085 697 3130 eos
714 3079 845 3145 omnes,
862 3069 915 3132 sed
935 3071 1105 3133 noluerunt
1120 3072 1151 3132 ei
1164 3093 1234 3133 cre-

97 3171 175 3232 dere
186 3161 257 3253 ipsi'
269 3170 435 3248 infideles).
500 3172 590 3230 Tunc
606 3168 796 3230 reverendus
811 3171 903 3230 Pater
915 3170 1119 3233 Provincialis
1130 3172 1233 3232 statim
1255 3243 1260 3254 .

97 3273 189 3330 venit
208 3270 243 3331 in
266 3271 432 3344 civitatem,
455 3279 486 3329 et
500 3278 583 3329 certe
598 3269 661 3329 fuit
671 3269 738 3349 ipse
759 3279 789 3328 et
800 3269 892 3329 Prior
908 3270 989 3330 male
1001 3279 1167 3330 contentus
1178 3285 1234 3330 su·-

97 3391 157 3450 per
177 3367 269 3431 illum
284 3369 442 3437 Fratrem,
464 3366 549 3450 quod
565 3369 609 3426 sio
624 3369 850 3428 inconsiderate
866 3369 926 3429 ivit
944 3369 982 3428 ad
1004 3367 1231 3446 Magistratum;
1326 3381 1334 3404 ‘

98 3469 212 3529 melius
227 3467 352 3542 fuisset,
382 3467 466 3549 quod
486 3468 545 3527 sibi
568 3467 745 3526 emissemus
765 3485 877 3525 novam
898 3467 1050 3527 cocullam
1062 3465 1102 3525 de
1115 3465 1232 3546 optimo

97 3588 215 3650 panno,
235 3568 291 3628 sed
300 3569 374 3629 fecit
383 3589 423 3628 ex
437 3570 519 3629 bono
531 3567 608 3626 zelo.
649 3567 690 3625 Et
702 3565 802 3624 statim
815 3563 1019 3625 Provincialis
1034 3565 1094 3624 ivit
1108 3566 1147 3624 ad
1161 3568 1232 3626 Ma·-

98 3671 260 3748 gistratum
283 3665 313 3728 et
334 3669 513 3740 Senatores,
542 3678 572 3725 et
586 3665 707 3745 rogavit
722 3657 791 3739 eos,
805 3662 872 3725 'ubi
894 3663 983 3724 uobis
1001 3663 1114 3724 iterum
1131 3665 1231 3728 liceu-

98 3772 209 3831 tistum
225 3767 355 3842 darent,
372 3747 408 3828 ut
422 3785 585 3849 possumus
605 3765 643 3825 'de
665 3765 849 3826 monasterio
864 3764 911 3824 ire
925 3781 1019 3842 super
1032 3764 1163 3843 plateas,
1175 3765 1230 3832 sed

98 3869 299 3950 bihilpotuit
313 3867 493 3948 impetrare,
533 3867 607 3945 quia
619 3864 767 3924 dixerunt
789 3882 911 3938 omnes,
941 3871 1022 3922 totus
1039 3865 1228 3924 sensatarum

98 3968 159 4028 hoc
174 3987 310 4049 parvum
327 3979 387 4042 est,
420 3967 503 4048 quod
523 3985 586 4024 non
607 3963 751 4023 debemus
765 3965 897 4044 emplius
911 3962 1015 4036 exire,
1042 3961 1102 4041 ipsi
1119 3961 1229 4022 rolant

99 4068 189 4128 nobis
210 4063 313 4128 adhue
329 4089 427 4128 uuum
446 4067 595 4127 factorem
615 4064 706 4139 dare,
738 4063 812 4146 (ipsi
832 4067 1021 4122 vocaverunt
1040 4061 1228 4142 curatorem)

99 4169 155 4248 qui
169 4167 262 4228 debet
277 4167 467 4228 Monasterio
481 4163 586 4224 oinnis
602 4163 763 4244 percipere
780 4171 811 4245 et
822 4169 1002 4243 exponere,
1028 4173 1057 4220 et
1072 4160 1229 4222 nobis-soe

97 4267 261 4330 lummodo
275 4267 446 4332 necessaria
458 4267 543 4330 dare.
608 4263 717 4336 Certe,
748 4265 775 4324 si
794 4263 853 4325 hoc
867 4279 931 4322 esse
945 4261 1024 4336 erit,
1048 4270 1122 4323 tune
1136 4260 1228 4320 hebet

961 4357 1025 4422 11*
