2872 4722
372 336 639 402 onscun.
682 337 907 421 vsucu.
1138 338 1198 406 103

86 501 131 560 ilic
158 496 307 559 Ribuldus
339 495 461 556 accessit
489 497 673 570 Rectorem,
713 503 745 557 ct
775 487 856 557 dixit
883 493 915 554 ei
945 498 1041 559 multa
1068 497 1199 580 superba

86 601 167 672 dicte,
188 608 218 659 et
235 595 380 660 tibisavit
399 615 479 656 eum.
535 599 625 658 Tunc
647 595 714 676 ipse
728 593 813 656 misit
830 615 890 677 pro
912 595 1037 658 famulis
1056 596 1198 671 civitatis,
1238 599 1243 624 ¹

86 709 110 759 ct
125 697 218 759 voluit
238 716 314 756 eum
336 695 537 770 incarcerare,
560 694 634 779 quic
654 694 718 755 fuit
737 713 882 776 magnum
900 695 1094 772 scandalum,
1116 695 1199 777 quod

85 799 195 877 simplex
220 795 328 856 socius
357 794 489 854 deberet¹
508 795 634 856 tibisare
661 813 760 854 unum
787 794 952 855 Rectorem
971 785 1198 868 Universitutis,

86 898 128 977 qui
145 907 183 956 est
202 895 357 976 Magister
376 903 496 978 noste33
529 903 559 955 et
580 913 652 955 cum
672 892 731 955 hoc
752 913 808 975 ege
829 893 940 970 audio,
967 893 1051 974 qu'cd
1071 892 1127 954 illc
1147 913 1198 954 so-

85 998 137 1056 cius
154 1016 253 1076 neque
273 1004 323 1054 est
345 991 577 1068 Baeculam-ius,
609 1013 712 1075 neque
730 992 895 1074 Magister,
937 993 996 1054 nec
1022 1001 1068 1054 est
1093 991 1197 1072 ulique

85 1095 159 1156 modo
176 1091 374 1175 qualificatus
393 1113 449 1152 seu
468 1093 649 1172 graduatns,
671 1102 701 1153 et
722 1091 847 1154 incessit
859 1091 939 1154 deut
959 1092 1111 1166 bellatur,
1145 1092 1201 1153 vel

84 1196 208 1275 quivult
228 1193 393 1252 ambulare
413 1191 452 1252 sd
471 1192 607 1268 bellum,
629 1202 660 1253 et
678 1190 788 1252 habuit
805 1191 924 1272 pileum
936 1201 977 1253 -et
990 1191 1116 1272 longum
1129 1189 1212 1250 cul··

83 1304 152 1354 trum
169 1293 203 1354 iu
223 1274 331 1354 latere.
375 1290 438 1373 §ed
457 1311 515 1371 per
533 1294 617 1358 Deos
635 1291 701 1372 ipse
721 1289 831 1352 fuisset
850 1289 1072 1366 incarceratus,
1092 1288 1119 1350 si
1132 1309 1197 1348 non

83 1393 222 1454 habuisset
244 1401 336 1454 notos
358 1387 394 1449 in
415 1387 547 1451 civitate.
610 1391 676 1472 Ege
700 1389 790 1450 doleo
817 1390 950 1454 maxime
968 1390 996 1450 si
1017 1389 1195 1462 astrorum,

82 1492 153 1570 quod
164 1493 218 1553 ille
232 1492 284 1554 vir
297 1497 345 1550 est
358 1487 536 1562 defunctus,
559 1489 632 1570 quin
651 1489 726 1550 fecit
745 1487 825 1551 mibi
843 1491 943 1552 multa
960 1491 1051 1568 bons,
1071 1487 1195 1571 quando

82 1592 123 1650 fni
135 1593 286 1668 Viennae:
309 1598 342 1650 et
356 1589 523 1670 propterea
534 1589 596 1650 feci
610 1587 640 1648 ei
652 1588 852 1670 Epitaphium
870 1589 947 1652 ntes

160 1735 221 1811 Qui
235 1737 320 1808 jacet
344 1734 382 1792 in
403 1733 555 1806 tumulis,
567 1729 644 1808 fuit
657 1730 805 1794 inimicat
817 1734 935 1806 Poetis,

158 1834 200 1891 Es
220 1834 315 1895 veluit
333 1854 384 1897 eos
407 1831 575 1911 expellere,
595 1830 720 1914 quaudo
743 1833 909 1898 voluerunt
930 1830 1193 1911 dic-practicen:

159 1932 245 1990 Sicut
263 1955 362 2016 nuper·
386 1951 468 1992 uuus
484 1931 603 2020 secius,
624 1931 679 2014 qui
696 1931 845 2012 nonfuit
862 1933 1058 2009 intitulatur,

156 2033 330 2092 Wnieneex
342 2032 513 2105 Morunda,
534 2039 564 2088 et
583 2025 691 2096 decens
702 2030 814 2110 fucere
833 2044 948 2100 necere,-

157 2131 247 2208 Quem
268 2133 373 2194 voluit
394 2133 608 2202 incarcerare,
624 2142 754 2213 propter
774 2153 866 2191 suum
882 2132 1026 2197 tibisare:

151 2229 211 2287 Sed
229 2234 306 2314 quia
325 2252 412 2291 nunc
431 2241 477 2294 est
496 2239 651 2298 metune,
671 2231 706 2288 in
727 2233 762 2292 V
757 2232 851 2296 iennu
870 2233 1026 2314 sepulum

152 2329 277 2390 Dicats's
298 2329 352 2390 Isis
372 2329 489 2390 veltet
504 2349 565 2409 pro
585 2349 634 2402 eo,
655 2330 756 2391 Peter
777 2340 889 2392 noster.

151 2468 224 2530 Fuit
248 2470 302 2531 hic
335 2470 481 2546 nuntius,
514 2467 569 2550 qni
599 2468 735 2548 portavit
759 2487 875 2556 navah
894 2485 974 2546 quac
999 2473 1073 2528 sunt
1101 2464 1191 2540 mdc,

81 2565 102 2624 si
121 2577 192 2630 sunt
209 2587 298 2646 vcra,
335 2571 415 2651 quod
443 2589 534 2630 causa
563 2579 664 2633 vestre
692 2587 757 2628 non
776 2568 854 2631 bene
876 2574 934 2628 stat
953 2565 989 2627 in
1008 2562 1105 2626 Curis
1125 2564 1192 2623 Rc-

81 2683 180 2742 msnu,
195 2669 250 2729 sed
271 2689 325 2751 ega
346 2691 411 2730 nou
431 2669 539 2730 credo:
580 2669 653 2748 quia
674 2666 726 2729 isti
751 2666 856 2727 nuntii
870 2665 979 2726 dicunt
997 2664 1090 2726 ctiam
1109 2663 1191 2724 mul-

82 2773 107 2824 te
125 2769 287 2830 mendacis.
328 2771 442 2831 Poetae
464 2769 544 2832 hene
564 2763 830 2830 murmurantum
853 2777 959 2826 contra
984 2784 1059 2839 nos,
1091 2772 1123 2826 et
1142 2761 1192 2822 di·
1287 2779 1291 2785 ·

83 2875 162 2940 cunt,
190 2867 273 2947 quod
308 2869 421 2930 volunt
449 2867 616 2928 defendere
644 2866 810 2926 Ductorem
839 2864 994 2926 Reuchlin
1026 2883 1097 2924 cnm
1128 2860 1191 2922 suis

83 2966 258 3041 carminibus,
279 2967 338 3028 scd
358 2967 431 3048 quia
450 2987 505 3030 voe
524 2967 616 3026 etium
638 2965 708 3028 estis
727 2965 822 3030 Poeta
828 3006 838 3038 ,
861 2965 984 3046 quando
997 2963 1102 3036 vulsis,
1122 2981 1191 3022 cre-

85 3063 129 3138 do,
146 3067 223 3146 quod
243 3067 326 3128 bene
344 3066 508 3130 manebitis,
525 3087 600 3144 prae
619 3064 702 3146 ipsis.
743 3065 863 3124 Temen
885 3062 1001 3126 debetis
1016 3061 1095 3126 mibi
1114 3061 1192 3121 scri·

84 3163 159 3240 bere,
184 3167 340 3246 quomodo
365 3175 424 3228 stet
445 3165 618 3245 negotium,
656 3164 683 3224 si
703 3173 778 3224 tunc
798 3183 923 3246 possum
952 3162 1099 3241 adjuvare
1126 3181 1191 3234 vos,

85 3271 145 3323 tunc
164 3263 314 3326 babebitis
335 3285 385 3328 me
409 3261 530 3331 fidelem
547 3265 664 3330 socium
687 3273 719 3327 et
738 3263 919 3348 adjutorem·
977 3261 1096 3324 Valcta.
1125 3260 1192 3320 bx

86 3360 279 3445 Nurenbcrge.

138 3547 330 3608 Guillrelmus
351 3547 643 3629 Selsereedlee'serinc
663 3547 695 3606 S.
717 3548 760 3608 D.
780 3548 827 3606 M.
851 3544 989 3614 Ortuinc
1009 3541 1129 3602 Gratia.
1179 3557 1182 3570 ‘

153 3685 249 3746 Valde
269 3685 382 3758 miror,
403 3685 597 3747 venerabilis
608 3684 678 3758 vir,
699 3675 893 3762 queremini
915 3695 979 3740 non
999 3673 1141 3749 scribitis,
1162 3683 1194 3734 et

88 3785 173 3841 tamen
190 3785 324 3846 scribitis
343 3786 430 3860 aliis,
471 3784 609 3864 quinon
630 3783 768 3844 scribunt
794 3777 881 3840 vobis
899 3776 943 3834 ita
967 3795 1074 3856 saepe,
1115 3773 1194 3833 sicut

90 3895 133 3953 ego
148 3883 242 3943 scribo
264 3883 363 3946 vobis.
425 3884 487 3944 Sed
507 3884 577 3944 estis
598 3877 743 3944 iuimicus
763 3899 866 3951 meus,
906 3873 989 3955 quod
1015 3893 1079 3936 non
1098 3871 1194 3934 vultis
1244 3892 1248 3902 ¹

89 3977 153 4036 mibi
169 3983 298 4063 amplius
318 3983 467 4056 scribere,
495 3983 581 4067 *tunc
601 3982 738 4043 scribatis
760 3979 839 4042 mihi
859 3987 984 4048 temen,
1015 3993 1111 4054 quare
1129 3990 1193 4032 nan

90 4076 167 4138 vultis
185 4083 313 4165 amplius
332 4083 484 4156 seribere,
527 4087 563 4144 'ut
581 4085 689 4156 scium,
724 4099 820 4160 quare
846 4096 914 4168 ¹ntur
939 4072 1087 4148 scribitis,
1103 4111 1107 4120 ·
1123 4089 1194 4134 cum

91 4192 135 4250 ⁶8⁰
153 4199 265 4263 semper
286 4186 387 4246 scribo
407 4183 512 4258 vobis,
535 4183 615 4243 sicut
633 4181 725 4242 etiarn
745 4200 829 4240 nunc
848 4176 948 4238 scribo
970 4171 1067 4245 vobis,
1076 4191 1194 4257 gusm-

93 4272 130 4332 n's
147 4279 214 4356 scio,
234 4286 314 4364 quod
335 4305 400 4348 non
421 4261 507 4346 eritis
527 4281 605 4346 mihi
626 4281 803 4345 rescribere.
823 4273 1045 4340 Verumtamen
1066 4292 1120 4331 uro
1141 4290 1194 4329 vos
