2896 4716
391 333 652 396 osseus
708 332 935 415 V1nou.
1154 329 1225 396 w257

238 491 400 569 Magister
417 469 575 566 Sylitastsr
597 487 724 547 Grisius
743 488 790 547 M.
813 486 959 564 Ortrainp'
970 487 1089 562 Gratia.
1111 535 1113 543 n

181 588 338 668 Quoniam
359 586 484 667 quidem
512 597 569 666 'ago
595 607 663 658 sum¹
689 584 821 664 juratus,
877 586 1045 646 uod‘volo·
1056 585 1224 647 defendere

97 688 278 750 facultatem
309 693 428 760 meam,
472 695 503 746 et
530 701 714 765 promovere
739 683 804 763 ejus
828 703 850 742 u
866 683 989 744 'itatem
1009 684 1041 744 in
1065 687 1223 746 omnibus:
1272 671 1282 766 ἰ

99 805 172 863 ergo
197 787 271 846 volo
291 787 380 847 vobis
401 783 607 846 articulariter
627 783 776 855 scribere,
797 784 852 863 qui
873 792 945 844 sint
964 782 1027 852 hic,
1042 785 1096 862 qui
1118 785 1225 846 favent
1297 783 1299 788 ’

99 884 268 964 'sheologis
279 926 289 958 ,
317 894 347 946 et
368 883 423 964 qui
443 885 550 946 favent
568 881 680 942 Joanni
699 879 873 956 Rauchliu,
905 891 941 942 ut
960 880 1067 942 dicatis
1087 883 1225 944 Theolo-

99 984 162 1063 gis,
198 983 281 1067 qued
301 994 431 1063 *possent
460 1003 498 1065 se
520 981 653 1063 dirigere
674 979 843 1040 secuudum
866 980 933 1041 hoc.
995 979 1135 1053 Primum
1153 990 1226 1042 sunt
1275 993 1281 1003 “

99 1081 226 1160 quidam
249 1081 467 1142 commensales
487 1081 521 1140 in
542 1079 676 1160 hospitio
697 1081 855 1155 Coronae,
889 1079 944 1160 qui
964 1097 1086 1158 semper
1106 1078 1243 1140 faciunt‘
1294 1094 1314 1141 “,

100 1199 236 1240 summas
264 1179 416 1260 nequities
438 1178 592 1258 Magistris
619 1178 748 1251 nostris,
793 1187 824 1237 et
854 1178 1010 1238 Fratribus
1039 1178 1078 1238 de
1107 1179 1227 1240 Ordine
1303 1217 1310 1230 ι

100 1278 368 1352 Praedicateram,
390 1277 552 1352 facientes,
572 1279 654 1357 quod
674 1297 766 1339 neure
786 1276 821 1336 in
841 1276 905 1360 isto
919 1275 1052 1355 hospitio
1073 1276 1226 1338 1010100-

101 1397 260 1456 mosynam
281 1375 555 1437 Praedicatoribus.
597 1377 661 1455 Ego
683 1377 746 1435 scio
764 1375 892 1436 nomina
911 1375 1098 1454 aliquorum.
1138 1377 1227 1436 Unus
1300 1425 1306 1436 .

21 1475 23 1482 '
101 1485 232 1536 vocatur
250 1475 396 1552 Magister
417 1475 593 1552 Philippus
608 1475 779 1547 Kailbuod,
813 1473 869 1554 qui
889 1491 1009 1552 semper
1028 1473 1168 1552 loquitur
1188 1474 1227 1534 de

101 1575 276 1642 Reuchlin,
298 1573 514 1634 commendans
535 1593 626 1646 eum,
655 1584 685 1632 et
704 1573 799 1632 semel
819 1573 966 1652 Magister
987 1581 1091 1631 noster
1111 1576 1226 1633 Petrus

18 1747 28 1760 ἢ
101 1675 211 1758 Meyer
236 1673 396 1732 Plebunus
419 1674 454 1732 in
483 1671 706 1732 Francofordia
732 1665 817 1732 dedit
846 1672 875 1730 ei
905 1673 1016 1732 bonam
1046 1689 1227 1748 00010000οη

101 1791 185 1830 unns
204 1770 329 1831 Uirictu
349 1771 388 1830 de
408 1771 543 1844 Hutten,
565 1771 620 1850 qui
640 1780 685 1830 est
702 1771 794 1831 valde
814 1767 963 1844 bestialis,
985 1769 1041 1850 qui
1060 1771 1156 1830 semel
1178 1770 1227 1828 di-

101 1867 172 1928 xit:
213 1869 241 1928 si
265 1863 387 1952 Fratres
420 1869 649 1929 Praedicatores
682 1869 820 1930 facerent
854 1868 914 1930 sibi
948 1869 1034 1928 illam
1070 1867 1226 1948 injuria-m,
1256 1933 1260 1942 κ

76 1963 79 1972 ’
103 1987 196 2046 quam
216 1967 336 2028 iaciunt
355 1967 466 2026 Joanni
484 1967 658 2042 Reuchlin,
698 1967 764 2048 ipse
788 1968 883 2028 vellet
910 1966 980 2026 fieri
1008 1967 1151 2028 iuimicus
1172 1988 1227 2027 00-
1295 1997 1296 2005 ¹

101 2087 194 2141 rum,
235 2076 265 2125 et
284 2064 460 2144 ubicunque
484 2067 636 2145 reperiret
661 2087 757 2126 unum
779 2053 967 2126 Monachum
990 2066 1029 2126 de
1049 2065 1110 2125 hoc
1131 2067 1238 2126 orde·

102 2185 161 2239 ue,
182 2174 257 2224 tune
276 2165 371 2224 vellet
391 2164 421 2221 ei
441 2174 600 2244 amputare
620 2185 728 2224 nuum
749 2175 779 2224 et
799 2184 897 2224 aures.
928 2145 998 2224 ista
1019 2177 1121 2224 autern
1136 2164 1228 2224 habet

103 2264 217 2323 multos
235 2263 349 2321 amices
368 2262 403 2320 in
422 2263 507 2322 curia
527 2264 690 2344 Episcopi,
717 2263 772 2341 qui
792 2265 883 2322 etiam
902 2262 981 2323 bene
1008 2259 1114 2322 favent
1134 2265 1227 2322 Joan-
1299 2285 1301 2288 ¹

103 2362 138 2421 ni
160 2361 322 2420 Reuchlin.
386 2362 446 2422 Sed
466 2383 549 2422 nunc
571 2363 666 2422 abivit
685 2365 768 2441 (Deo
789 2357 914 2440 gratias)
935 2361 974 2420 ad
990 2360 1125 2422 fiendum
1143 2363 1228 2419 Doc-
1273 2368 1278 2382 “

103 2472 170 2534 tor,
194 2470 225 2519 et
244 2460 284 2520 in'
298 2471 362 2520 uno
376 2481 457 2520 anno
471 2461 609 2532 nonfuit
629 2461 699 2544 hic5
720 2461 858 2521 diabolus
877 2459 1008 2519 auferat
1020 2463 1105 2520 eum!
1128 2459 1227 2518 Dein-

103 2561 141 2618 de
163 2567 236 2618 suut
256 2557 318 2617 duc
338 2553 460 2620 Fratres
487 2561 681 2635 nobilitates,
722 2560 801 2618 Otho
821 2568 851 2617 et
871 2558 1047 2634 Philippus
1073 2558 1111 2616 de
1130 2559 1226 2626 Beck,
1301 2609 1305 2616 ,
1396 2602 1400 2610 ,

102 2657 164 2738 ipsi
187 2669 301 2718 raxam
321 2677 426 2718 omnes
454 2659 635 2740 Theologos.
697 2661 737 2720 Et
763 2659 858 2717 seusel
888 2659 922 2717 in
949 2659 1005 2716 illc
1033 2677 1117 2718 sacro
1147 2667 1227 2729 actu,

104 2777 196 2835 quam
216 2757 358 2836 Magistri
378 2758 474 2818 nostri
497 2761 729 2820 celebraverunt
749 2757 782 2816 in
803 2755 1088 2834 Mogontia'coutra
1110 2758 1228 2836 Speau-
1307 2744 1319 2762 ”

101 2857 169 2914 lum
192 2855 330 2936 oculare,
370 2866 444 2916 tuuc
465 2858 612 2938 Magister
630 2858 756 2936 iacchus
777 2857 816 2914 de
835 2857 1035 2935 Hcgstraten,
1068 2855 1227 2915 exofficio

103 2973 178 3025 suo,
207 2951 292 3012 dedit
314 2953 518 3036 indulgentias
539 2958 697 3030 ominibus,
739 2957 793 3034 qui
814 2955 1024 3016 interfuerunt
1045 2937 1227 3013 huic'actui.

102 3053 196 3112 Tunc
215 3051 267 3110 isti
297 3051 359 3111 duo
388 3054 497 3116 fratres
526 3077 596 3115 cum
625 3053 692 3114 aliis
719 3055 903 3126 bufonibus‚
943 3053 1076 3114 sedendo
1098 3053 1131 3111 in
1153 3072 1228 3112 ecn-

102 3159 210 3230 spectu
231 3149 477 3231 Theologorum,
497 3153 552 3233 qui
574 3137 702 3214 fuerunt
723 3153 768 3211 ibi
788 3153 821 3211 in
838 3129 981 3231 hospitio,
1003 3153 1145 3210 luserunt
1156 3171 1226 3210 curn

102 3249 174 3308 talis
194 3249 335 3326 proillio
356 3251 564 3332 indulgentiis.
624 3252 736 3313 Adhuc
757 3263 801 3310 est
820 3250 865 3308 ibi
891 3271 989 3322 uuus,
1025 3250 1081 3326 qui
1099 3240 1234 3308 v'ocatur·

103 3347 239 3405 Iomanes
255 3349 460 3423 Huttiehius,
486 3351 540 3430 (sui
561 3352 649 3410 etiarn
671 3360 716 3410 est
735 3350 879 3408 inimicus
897 3357 1014 3420 vester,
1036 3359 1067 3404 at
1085 3347 1163 3404 alius
1183 3336 1228 3404 est'

102 3444 231 3524 quidam
251 3449 374 3506 noviter
392 3461 551 3528 promotus
571 3451 604 3510 in
619 3451 783 3509 Doctorem
799 3449 833 3506 iu
852 3449 941 3519 dure,
964 3445 1226 3504 nominatusCon-
1260 3431 1265 3436 ¹

103 3543 202 3603 radus
218 3545 405 3605 Widman:
426 3547 491 3628 ipse
512 3531 598 3628 jurat
622 3569 743 3622 ornnes,
766 3546 820 3626 qui
843 3544 962 3603 faciunt
983 3543 1102 3621 aliquid
1122 3553 1228 3600 contra

102 3661 169 3702 vos.
230 3644 271 3702 Et
292 3645 371 3704 aliu's
391 3647 526 3720 Ductor,
563 3648 616 3728 qui
637 3648 712 3707 olim
733 3639 794 3706 fuit
814 3644 930 3703 Artista
958 3642 996 3700 de
1025 3642 1077 3699 via
1098 3639 1228 3700 Moder-

103 3761 236 3812 uorum,
272 3753 303 3802 et
325 3756 451 3804 vocatur
470 3745 666 3818 Eucherius,
700 3755 730 3804 et
756 3763 826 3802 cum
850 3743 909 3802 hoe
928 3741 1084 3800 Nieelurts
1109 3737 1226 3799 Carba-

105 3841 196 3900 elrius
207 3884 218 3917 ,
239 3842 294 3922 qui
307 3839 390 3922 degit
409 3844 442 3903 in
463 3845 557 3924 poesi.
599 3847 675 3905 Item
693 3846 852 3904 Henricns
871 3843 1092 3905 Brumannus,
1113 3836 1229 3914 quiesi

103 3940 248 4000 Vicarius
270 3941 304 4000 in
327 3943 470 4018 Summo,
492 3953 523 4003 et
544 3947 588 4004 est
609 3945 705 4004 bonus
727 3939 898 4020 Orgauista.
960 3939 1000 3996 Et
1020 3937 1088 3995 dico
1108 3946 1229 4014 sctnper

104 4037 148 4097 ei:
188 4059 245 4100 vos
267 4041 418 4102 deberetis
440 4045 592 4122 respicere
614 4043 737 4122 Organa
755 4041 884 4110 vestras
903 4046 933 4096 ct
953 4035 1108 4096 dimittere
1123 4033 1228 4094 Theo-

102 4136 189 4216 logos
208 4140 242 4199 in
261 4159 348 4220 pace.
395 4141 457 4202 Sed
478 4151 549 4202 ante
570 4141 675 4200 omnia
693 4136 842 4199 Canonici
863 4137 931 4205 iere
951 4131 1056 4192 omnes
1077 4143 1148 4192 sunt
1170 4151 1228 4212 pro

102 4233 279 4312 Reuohlin,
308 4250 467 4318 praeterea
487 4241 578 4300 multi
599 4241 654 4300 alii
675 4237 833 4318 Magistri,
864 4233 919 4316 qui
939 4225 1042 4298 amant
1063 4230 1228 4334 Postriam,

981 4328 1022 4391 17
