<?xml version="1.0" encoding="UTF-8"?>
<!DOCTYPE html PUBLIC "-//W3C//DTD XHTML 1.0 Transitional//EN"
    "http://www.w3.org/TR/xhtml1/DTD/xhtml1-transitional.dtd">
<html xmlns="http://www.w3.org/1999/xhtml" xml:lang="en" lang="en">
 <head>
  <title>
</title>
<meta http-equiv="Content-Type" content="text/html;charset=utf-8" />
  <meta name='ocr-system' content='tesseract 3.04.00' />
  <meta name='ocr-capabilities' content='ocr_page ocr_carea ocr_par ocr_line ocrx_word'/>
</head>
<body>
  <div class='ocr_page' id='page_1' title='image "./ulrichiabhutten04mngoog_0096.png"; bbox 0 0 2872 4722; ppageno 0'>
   <div class='ocr_carea' id='block_1_1' title="bbox 130 311 1036 418">
    <p class='ocr_par' dir='ltr' id='par_1_1' title="bbox 130 311 1036 418">
     <span class='ocr_line' id='line_1_1' title="bbox 130 311 1036 418; baseline -0.006 -1"><span class='ocrx_word' id='word_1_1' title='bbox 130 311 135 330; x_wconf 82' lang='grc'><em>’</em></span> <span class='ocrx_word' id='word_1_2' title='bbox 234 351 276 418; x_wconf 79' lang='lat' dir='ltr'><strong>ss</strong></span> <span class='ocrx_word' id='word_1_3' title='bbox 508 367 520 386; x_wconf 37' lang='grc' dir='ltr'><strong><em>κ</em></strong></span> <span class='ocrx_word' id='word_1_4' title='bbox 595 327 1036 413; x_wconf 52' lang='lat' dir='ltr'><strong>saissonis*</strong></span> 
     </span>
    </p>
   </div>
   <div class='ocr_carea' id='block_1_2' title="bbox 144 504 1418 1279">
    <p class='ocr_par' dir='ltr' id='par_1_2' title="bbox 172 504 1418 1082">
     <span class='ocr_line' id='line_1_2' title="bbox 234 504 1362 588; baseline -0.002 -19"><span class='ocrx_word' id='word_1_5' title='bbox 234 508 488 580; x_wconf 82' lang='lat' dir='ltr'><strong>Embeccensem,</strong></span> <span class='ocrx_word' id='word_1_6' title='bbox 525 525 647 567; x_wconf 83' lang='lat' dir='ltr'><strong>necnon</strong></span> <span class='ocrx_word' id='word_1_7' title='bbox 676 504 905 585; x_wconf 83' lang='lat' dir='ltr'><strong>Thnrgenaem,</strong></span> <span class='ocrx_word' id='word_1_8' title='bbox 948 515 980 568; x_wconf 87' lang='lat' dir='ltr'><strong>et</strong></span> <span class='ocrx_word' id='word_1_9' title='bbox 998 505 1260 588; x_wconf 85' lang='lat' dir='ltr'><strong>Nenbnrgensem.</strong></span> <span class='ocrx_word' id='word_1_10' title='bbox 1323 507 1362 568; x_wconf 87' lang='lat' dir='ltr'><strong>Et</strong></span> 
     </span>
     <span class='ocr_line' id='line_1_3' title="bbox 172 603 1362 689; baseline -0.003 -20"><span class='ocrx_word' id='word_1_11' title='bbox 172 641 181 646; x_wconf 75' lang='lat'><em>„</em></span> <span class='ocrx_word' id='word_1_12' title='bbox 235 607 376 689; x_wconf 75' lang='lat' dir='ltr'><strong>Magistri</strong></span> <span class='ocrx_word' id='word_1_13' title='bbox 396 607 526 668; x_wconf 80' lang='lat' dir='ltr'><strong>fuerunt</strong></span> <span class='ocrx_word' id='word_1_14' title='bbox 544 607 623 667; x_wconf 88' lang='lat' dir='ltr'><strong>beno</strong></span> <span class='ocrx_word' id='word_1_15' title='bbox 644 605 802 680; x_wconf 77' lang='lat' dir='ltr'><strong>contenti,</strong></span> <span class='ocrx_word' id='word_1_16' title='bbox 824 615 855 666; x_wconf 86' lang='lat' dir='ltr'><strong>et</strong></span> <span class='ocrx_word' id='word_1_17' title='bbox 875 603 1040 676; x_wconf 85' lang='lat' dir='ltr'><strong>dixerunt,</strong></span> <span class='ocrx_word' id='word_1_18' title='bbox 1061 607 1146 687; x_wconf 88' lang='lat' dir='ltr'><strong>quod</strong></span> <span class='ocrx_word' id='word_1_19' title='bbox 1165 609 1206 667; x_wconf 89' lang='lat' dir='ltr'><strong>D.</strong></span> <span class='ocrx_word' id='word_1_20' title='bbox 1219 605 1362 688; x_wconf 74' lang='lat' dir='ltr'><strong>Magistri</strong></span> 
     </span>
     <span class='ocr_line' id='line_1_4' title="bbox 234 697 1417 784; baseline -0.005 -16"><span class='ocrx_word' id='word_1_21' title='bbox 234 697 356 769; x_wconf 81' lang='lat' dir='ltr'><strong>novelli</strong></span> <span class='ocrx_word' id='word_1_22' title='bbox 372 706 451 769; x_wconf 86' lang='lat' dir='ltr'><strong>bene</strong></span> <span class='ocrx_word' id='word_1_23' title='bbox 471 705 698 784; x_wconf 85' lang='lat' dir='ltr'><strong>expediverunt</strong></span> <span class='ocrx_word' id='word_1_24' title='bbox 716 725 767 778; x_wconf 89' lang='lat' dir='ltr'><strong>se,</strong></span> <span class='ocrx_word' id='word_1_25' title='bbox 810 713 841 764; x_wconf 89' lang='lat' dir='ltr'><strong>et</strong></span> <span class='ocrx_word' id='word_1_26' title='bbox 861 723 931 763; x_wconf 87' lang='lat' dir='ltr'><strong>cum</strong></span> <span class='ocrx_word' id='word_1_27' title='bbox 952 723 1002 762; x_wconf 86' lang='lat' dir='ltr'><strong>ms</strong></span> <span class='ocrx_word' id='word_1_28' title='bbox 1022 724 1063 764; x_wconf 89' lang='lat' dir='ltr'><strong>no</strong></span> <span class='ocrx_word' id='word_1_29' title='bbox 1082 703 1210 766; x_wconf 86' lang='lat' dir='ltr'><strong>honore.</strong></span> <span class='ocrx_word' id='word_1_30' title='bbox 1271 705 1361 766; x_wconf 85' lang='lat' dir='ltr'><strong>Tunc</strong></span> <span class='ocrx_word' id='word_1_31' title='bbox 1416 709 1417 714; x_wconf 76' lang='grc'>’</span> 
     </span>
     <span class='ocr_line' id='line_1_5' title="bbox 234 725 1361 885; baseline -0.004 -19"><span class='ocrx_word' id='word_1_32' title='bbox 234 803 375 885; x_wconf 72' lang='lat' dir='ltr'><strong>Magistri</strong></span> <span class='ocrx_word' id='word_1_33' title='bbox 388 795 391 799; x_wconf 39' lang='lat'><strong><em>⁴</em></strong></span> <span class='ocrx_word' id='word_1_34' title='bbox 404 802 584 864; x_wconf 86' lang='lat' dir='ltr'><strong>hilariiicati</strong></span> <span class='ocrx_word' id='word_1_35' title='bbox 612 801 797 882; x_wconf 83' lang='lat' dir='ltr'><strong>inceperunt</strong></span> <span class='ocrx_word' id='word_1_36' title='bbox 823 801 911 882; x_wconf 87' lang='lat' dir='ltr'><strong>loqui</strong></span> <span class='ocrx_word' id='word_1_37' title='bbox 939 725 1140 863; x_wconf 68' lang='lat' dir='ltr'><strong>erlidcialiter</strong></span> <span class='ocrx_word' id='word_1_38' title='bbox 1177 803 1217 864; x_wconf 89' lang='lat' dir='ltr'><strong>de</strong></span> <span class='ocrx_word' id='word_1_39' title='bbox 1244 802 1361 882; x_wconf 83' lang='lat' dir='ltr'><strong>magnis</strong></span> 
     </span>
     <span class='ocr_line' id='line_1_6' title="bbox 198 899 1361 985; baseline -0.003 -21"><span class='ocrx_word' id='word_1_40' title='bbox 198 940 205 952; x_wconf 90' lang='lat'><strong>·</strong></span> <span class='ocrx_word' id='word_1_41' title='bbox 233 901 470 985; x_wconf 87' lang='lat' dir='ltr'><strong>quaestionibus.</strong></span> <span class='ocrx_word' id='word_1_42' title='bbox 510 902 551 962; x_wconf 86' lang='lat' dir='ltr'><strong>Et</strong></span> <span class='ocrx_word' id='word_1_43' title='bbox 571 921 653 962; x_wconf 86' lang='lat' dir='ltr'><strong>unus</strong></span> <span class='ocrx_word' id='word_1_44' title='bbox 673 899 838 981; x_wconf 81' lang='lat' dir='ltr'><strong>quaesivit:</strong></span> <span class='ocrx_word' id='word_1_45' title='bbox 875 911 982 962; x_wconf 86' lang='lat' dir='ltr'><strong>utrum</strong></span> <span class='ocrx_word' id='word_1_46' title='bbox 1003 900 1166 961; x_wconf 82' lang='lat' dir='ltr'><strong>dicendum</strong></span> <span class='ocrx_word' id='word_1_47' title='bbox 1187 943 1206 976; x_wconf 93' lang='lat'>„</span> <span class='ocrx_word' id='word_1_48' title='bbox 1251 902 1361 983; x_wconf 85' lang='lat' dir='ltr'><strong>agister</strong></span> 
     </span>
     <span class='ocr_line' id='line_1_7' title="bbox 233 998 1418 1082; baseline -0.003 -20"><span class='ocrx_word' id='word_1_49' title='bbox 233 1000 459 1074; x_wconf 86' lang='lat' dir='ltr'><strong>nostrandus‚“</strong></span> <span class='ocrx_word' id='word_1_50' title='bbox 480 1001 533 1060; x_wconf 84' lang='lat' dir='ltr'><strong>vel</strong></span> <span class='ocrx_word' id='word_1_51' title='bbox 554 1009 680 1075; x_wconf 85' lang='lat' dir='ltr'><strong>„noster</strong></span> <span class='ocrx_word' id='word_1_52' title='bbox 699 998 966 1080; x_wconf 88' lang='lat' dir='ltr'><strong>Magistrandus,“</strong></span> <span class='ocrx_word' id='word_1_53' title='bbox 985 1021 1043 1082; x_wconf 88' lang='lat' dir='ltr'><strong>pro</strong></span> <span class='ocrx_word' id='word_1_54' title='bbox 1061 1019 1193 1081; x_wconf 86' lang='lat' dir='ltr'><strong>persona</strong></span> <span class='ocrx_word' id='word_1_55' title='bbox 1204 1012 1274 1082; x_wconf 89' lang='lat' dir='ltr'><strong>apta</strong></span> <span class='ocrx_word' id='word_1_56' title='bbox 1290 1010 1376 1061; x_wconf 48' lang='lat' dir='ltr'><strong>natas</strong></span> <span class='ocrx_word' id='word_1_57' title='bbox 1417 1031 1418 1040; x_wconf 24' lang='grc' dir='ltr'><strong>κ</strong></span> 
     </span>
    </p>

    <p class='ocr_par' dir='ltr' id='par_1_3' title="bbox 144 1097 1359 1279">
     <span class='ocr_line' id='line_1_8' title="bbox 176 1097 1359 1186; baseline -0.003 -25"><span class='ocrx_word' id='word_1_58' title='bbox 176 1129 192 1186; x_wconf 32' lang='grc'><strong>1·</strong></span> <span class='ocrx_word' id='word_1_59' title='bbox 232 1101 272 1161; x_wconf 89' lang='lat' dir='ltr'><strong>ad</strong></span> <span class='ocrx_word' id='word_1_60' title='bbox 291 1099 429 1160; x_wconf 89' lang='lat' dir='ltr'><strong>fiendum</strong></span> <span class='ocrx_word' id='word_1_61' title='bbox 449 1101 568 1160; x_wconf 88' lang='lat' dir='ltr'><strong>Doctor</strong></span> <span class='ocrx_word' id='word_1_62' title='bbox 591 1100 625 1159; x_wconf 91' lang='lat' dir='ltr'><strong>in</strong></span> <span class='ocrx_word' id='word_1_63' title='bbox 645 1097 834 1180; x_wconf 83' lang='lat' dir='ltr'><strong>Theologia,</strong></span> <span class='ocrx_word' id='word_1_64' title='bbox 855 1098 934 1160; x_wconf 86' lang='lat' dir='ltr'><strong>sicut</strong></span> <span class='ocrx_word' id='word_1_65' title='bbox 957 1119 1016 1181; x_wconf 88' lang='lat' dir='ltr'><strong>pro</strong></span> <span class='ocrx_word' id='word_1_66' title='bbox 1035 1119 1119 1158; x_wconf 89' lang='lat' dir='ltr'><strong>nunc</strong></span> <span class='ocrx_word' id='word_1_67' title='bbox 1147 1111 1192 1160; x_wconf 86' lang='lat' dir='ltr'><strong>cst</strong></span> <span class='ocrx_word' id='word_1_68' title='bbox 1209 1101 1244 1160; x_wconf 90' lang='lat' dir='ltr'><strong>in</strong></span> <span class='ocrx_word' id='word_1_69' title='bbox 1265 1101 1359 1161; x_wconf 87' lang='lat' dir='ltr'><strong>Colo-</strong></span> 
     </span>
     <span class='ocr_line' id='line_1_9' title="bbox 144 1185 1359 1279; baseline -0.002 -20"><span class='ocrx_word' id='word_1_70' title='bbox 144 1215 153 1232; x_wconf 74' lang='lat'><strong><em>¹</em></strong></span> <span class='ocrx_word' id='word_1_71' title='bbox 220 1201 284 1260; x_wconf 77' lang='lat' dir='ltr'><strong>,nia</strong></span> <span class='ocrx_word' id='word_1_72' title='bbox 305 1198 475 1260; x_wconf 85' lang='lat' dir='ltr'><strong>mellifluus</strong></span> <span class='ocrx_word' id='word_1_73' title='bbox 494 1207 596 1279; x_wconf 85' lang='lat' dir='ltr'><strong>pater,</strong></span> <span class='ocrx_word' id='word_1_74' title='bbox 628 1185 738 1260; x_wconf 86' lang='lat' dir='ltr'><strong>Frater</strong></span> <span class='ocrx_word' id='word_1_75' title='bbox 759 1194 972 1278; x_wconf 67' lang='lat' dir='ltr'><strong>Theodoriana</strong></span> <span class='ocrx_word' id='word_1_76' title='bbox 998 1198 1038 1259; x_wconf 88' lang='lat' dir='ltr'><strong>de</strong></span> <span class='ocrx_word' id='word_1_77' title='bbox 1067 1197 1359 1271; x_wconf 60' lang='lat' dir='ltr'><strong>Gendaf&#39;Oi-dinis</strong></span> 
     </span>
    </p>
   </div>
   <div class='ocr_carea' id='block_1_3' title="bbox 107 1283 1358 1377">
    <p class='ocr_par' dir='ltr' id='par_1_4' title="bbox 107 1283 1358 1377">
     <span class='ocr_line' id='line_1_10' title="bbox 107 1283 1358 1377; baseline -0.005 -17"><span class='ocrx_word' id='word_1_78' title='bbox 107 1283 122 1352; x_wconf 41' lang='lat'><strong>¹,</strong></span> <span class='ocrx_word' id='word_1_79' title='bbox 230 1299 492 1370; x_wconf 76' lang='lat' dir='ltr'><strong>carmelitarum,</strong></span> <span class='ocrx_word' id='word_1_80' title='bbox 534 1296 814 1357; x_wconf 78' lang='lat' dir='ltr'><strong>venerandissimis</strong></span> <span class='ocrx_word' id='word_1_81' title='bbox 846 1299 980 1377; x_wconf 80' lang='lat' dir='ltr'><strong>Legatos</strong></span> <span class='ocrx_word' id='word_1_82' title='bbox 1010 1297 1109 1359; x_wconf 87' lang='lat' dir='ltr'><strong>almae</strong></span> <span class='ocrx_word' id='word_1_83' title='bbox 1144 1296 1358 1359; x_wconf 81' lang='lat' dir='ltr'><strong>Universitatis</strong></span> 
     </span>
    </p>
   </div>
   <div class='ocr_carea' id='block_1_4' title="bbox 140 1395 1422 4343">
    <p class='ocr_par' dir='ltr' id='par_1_5' title="bbox 140 1395 1419 1485">
     <span class='ocr_line' id='line_1_11' title="bbox 140 1395 1419 1485; baseline -0.005 -25"><span class='ocrx_word' id='word_1_84' title='bbox 140 1470 148 1485; x_wconf 72' lang='lat'><strong>,</strong></span> <span class='ocrx_word' id='word_1_85' title='bbox 231 1397 441 1470; x_wconf 79' lang='lat' dir='ltr'><strong>coloniensis,</strong></span> <span class='ocrx_word' id='word_1_86' title='bbox 462 1395 750 1477; x_wconf 80' lang='lat' dir='ltr'><strong>providentissimus</strong></span> <span class='ocrx_word' id='word_1_87' title='bbox 770 1395 903 1470; x_wconf 87' lang='lat' dir='ltr'><strong>Artista,</strong></span> <span class='ocrx_word' id='word_1_88' title='bbox 935 1395 1164 1478; x_wconf 87' lang='lat' dir='ltr'><strong>Philosophus,</strong></span> <span class='ocrx_word' id='word_1_89' title='bbox 1184 1398 1358 1477; x_wconf 82' lang='lat' dir='ltr'><strong>Argumen-</strong></span> <span class='ocrx_word' id='word_1_90' title='bbox 1418 1427 1419 1440; x_wconf 33' lang='grc' dir='ltr'><strong>κ</strong></span> 
     </span>
    </p>

    <p class='ocr_par' dir='ltr' id='par_1_6' title="bbox 151 1493 1422 4343">
     <span class='ocr_line' id='line_1_12' title="bbox 179 1493 1358 1576; baseline -0.004 -18"><span class='ocrx_word' id='word_1_91' title='bbox 179 1535 181 1551; x_wconf 84' lang='lat'><em>.</em></span> <span class='ocrx_word' id='word_1_92' title='bbox 230 1507 329 1571; x_wconf 86' lang='lat' dir='ltr'><strong>tator,</strong></span> <span class='ocrx_word' id='word_1_93' title='bbox 351 1506 384 1556; x_wconf 90' lang='lat' dir='ltr'><strong>et</strong></span> <span class='ocrx_word' id='word_1_94' title='bbox 399 1494 839 1576; x_wconf 81' lang='lat' dir='ltr'><strong>Theologns‘supereminens.</strong></span> <span class='ocrx_word' id='word_1_95' title='bbox 894 1493 935 1554; x_wconf 92' lang='lat' dir='ltr'><strong>Et</strong></span> <span class='ocrx_word' id='word_1_96' title='bbox 956 1496 1058 1556; x_wconf 86' lang='lat' dir='ltr'><strong>statim</strong></span> <span class='ocrx_word' id='word_1_97' title='bbox 1079 1495 1238 1575; x_wconf 90' lang='lat' dir='ltr'><strong>respondit</strong></span> <span class='ocrx_word' id='word_1_98' title='bbox 1258 1495 1358 1575; x_wconf 82' lang='lat' dir='ltr'><strong>Magi-</strong></span> 
     </span>
     <span class='ocr_line' id='line_1_13' title="bbox 230 1593 1357 1674; baseline -0.001 -17"><span class='ocrx_word' id='word_1_99' title='bbox 230 1607 293 1658; x_wconf 83' lang='lat' dir='ltr'><strong>ster</strong></span> <span class='ocrx_word' id='word_1_100' title='bbox 311 1593 551 1659; x_wconf 86' lang='lat' dir='ltr'><strong>Warnasemmel</strong></span> <span class='ocrx_word' id='word_1_101' title='bbox 560 1637 571 1669; x_wconf 94' lang='lat'><strong>,</strong></span> <span class='ocrx_word' id='word_1_102' title='bbox 591 1596 806 1655; x_wconf 89' lang='lat' dir='ltr'><strong>Lansmannus</strong></span> <span class='ocrx_word' id='word_1_103' title='bbox 828 1613 931 1667; x_wconf 85' lang='lat' dir='ltr'><strong>meus,</strong></span> <span class='ocrx_word' id='word_1_104' title='bbox 971 1594 1026 1674; x_wconf 91' lang='lat' dir='ltr'><strong>qui</strong></span> <span class='ocrx_word' id='word_1_105' title='bbox 1046 1605 1091 1656; x_wconf 92' lang='lat' dir='ltr'><strong>est</strong></span> <span class='ocrx_word' id='word_1_106' title='bbox 1110 1597 1240 1656; x_wconf 82' lang='lat' dir='ltr'><strong>Scotista</strong></span> <span class='ocrx_word' id='word_1_107' title='bbox 1260 1595 1357 1656; x_wconf 80' lang='lat' dir='ltr'><strong>subti-</strong></span> 
     </span>
     <span class='ocr_line' id='line_1_14' title="bbox 228 1692 1356 1775; baseline -0.003 -20"><span class='ocrx_word' id='word_1_108' title='bbox 228 1695 381 1769; x_wconf 90' lang='lat' dir='ltr'><strong>lissimus,</strong></span> <span class='ocrx_word' id='word_1_109' title='bbox 405 1703 435 1760; x_wconf 87' lang='lat' dir='ltr'><strong>et</strong></span> <span class='ocrx_word' id='word_1_110' title='bbox 454 1694 602 1772; x_wconf 86' lang='lat' dir='ltr'><strong>Magister</strong></span> <span class='ocrx_word' id='word_1_111' title='bbox 628 1692 797 1754; x_wconf 86' lang='lat' dir='ltr'><strong>octodecim</strong></span> <span class='ocrx_word' id='word_1_112' title='bbox 818 1712 988 1768; x_wconf 87' lang='lat' dir='ltr'><strong>annorum,</strong></span> <span class='ocrx_word' id='word_1_113' title='bbox 1010 1702 1041 1753; x_wconf 82' lang='lat' dir='ltr'><strong>et</strong></span> <span class='ocrx_word' id='word_1_114' title='bbox 1061 1692 1124 1755; x_wconf 85' lang='lat' dir='ltr'><strong>fnit</strong></span> <span class='ocrx_word' id='word_1_115' title='bbox 1142 1705 1282 1775; x_wconf 85' lang='lat' dir='ltr'><strong>tompore</strong></span> <span class='ocrx_word' id='word_1_116' title='bbox 1301 1713 1356 1753; x_wconf 89' lang='lat' dir='ltr'><strong>sno</strong></span> 
     </span>
     <span class='ocr_line' id='line_1_15' title="bbox 227 1789 1420 1876; baseline -0.004 -20"><span class='ocrx_word' id='word_1_117' title='bbox 227 1793 286 1876; x_wconf 86' lang='lat' dir='ltr'><strong>pro</strong></span> <span class='ocrx_word' id='word_1_118' title='bbox 306 1793 404 1876; x_wconf 87' lang='lat' dir='ltr'><strong>gradu</strong></span> <span class='ocrx_word' id='word_1_119' title='bbox 422 1791 594 1871; x_wconf 86' lang='lat' dir='ltr'><strong>Magisterii</strong></span> <span class='ocrx_word' id='word_1_120' title='bbox 615 1792 663 1853; x_wconf 89' lang='lat' dir='ltr'><strong>bis</strong></span> <span class='ocrx_word' id='word_1_121' title='bbox 681 1792 836 1872; x_wconf 89' lang='lat' dir='ltr'><strong>rejicitus,</strong></span> <span class='ocrx_word' id='word_1_122' title='bbox 865 1803 895 1852; x_wconf 88' lang='lat' dir='ltr'><strong>et</strong></span> <span class='ocrx_word' id='word_1_123' title='bbox 914 1800 963 1851; x_wconf 89' lang='lat' dir='ltr'><strong>ter</strong></span> <span class='ocrx_word' id='word_1_124' title='bbox 981 1789 1167 1872; x_wconf 83' lang='lat' dir='ltr'><strong>impeditus,</strong></span> <span class='ocrx_word' id='word_1_125' title='bbox 1205 1803 1235 1856; x_wconf 85' lang='lat' dir='ltr'><strong>ot</strong></span> <span class='ocrx_word' id='word_1_126' title='bbox 1254 1801 1356 1852; x_wconf 88' lang='lat' dir='ltr'><strong>tamen</strong></span> <span class='ocrx_word' id='word_1_127' title='bbox 1419 1865 1420 1876; x_wconf 10' lang='grc' dir='ltr'>ἵ</span> 
     </span>
     <span class='ocr_line' id='line_1_16' title="bbox 227 1889 1357 1976; baseline -0.001 -23"><span class='ocrx_word' id='word_1_128' title='bbox 227 1893 311 1953; x_wconf 86' lang='lat' dir='ltr'><strong>stetit</strong></span> <span class='ocrx_word' id='word_1_129' title='bbox 330 1892 461 1954; x_wconf 89' lang='lat' dir='ltr'><strong>ulterius</strong></span> <span class='ocrx_word' id='word_1_130' title='bbox 483 1889 584 1972; x_wconf 88' lang='lat' dir='ltr'><strong>quoad</strong></span> <span class='ocrx_word' id='word_1_131' title='bbox 603 1891 667 1953; x_wconf 84' lang='lat' dir='ltr'><strong>fuit</strong></span> <span class='ocrx_word' id='word_1_132' title='bbox 687 1901 847 1973; x_wconf 89' lang='lat' dir='ltr'><strong>promotus</strong></span> <span class='ocrx_word' id='word_1_133' title='bbox 867 1911 927 1970; x_wconf 89' lang='lat' dir='ltr'><strong>pro</strong></span> <span class='ocrx_word' id='word_1_134' title='bbox 947 1889 1068 1950; x_wconf 86' lang='lat' dir='ltr'><strong>honore</strong></span> <span class='ocrx_word' id='word_1_135' title='bbox 1084 1892 1311 1976; x_wconf 84' lang='lat' dir='ltr'><strong>Universitatis,</strong></span> <span class='ocrx_word' id='word_1_136' title='bbox 1327 1902 1357 1952; x_wconf 89' lang='lat' dir='ltr'><strong>et</strong></span> 
     </span>
     <span class='ocr_line' id='line_1_17' title="bbox 226 1989 1357 2074; baseline 0 -24"><span class='ocrx_word' id='word_1_137' title='bbox 226 1991 374 2074; x_wconf 88' lang='lat' dir='ltr'><strong>intelligit</strong></span> <span class='ocrx_word' id='word_1_138' title='bbox 387 1993 466 2052; x_wconf 88' lang='lat' dir='ltr'><strong>bene</strong></span> <span class='ocrx_word' id='word_1_139' title='bbox 487 1991 567 2053; x_wconf 79' lang='lat' dir='ltr'><strong>iacta</strong></span> <span class='ocrx_word' id='word_1_140' title='bbox 588 2012 659 2066; x_wconf 84' lang='lat' dir='ltr'><strong>sua,</strong></span> <span class='ocrx_word' id='word_1_141' title='bbox 685 2002 715 2051; x_wconf 89' lang='lat' dir='ltr'><strong>et</strong></span> <span class='ocrx_word' id='word_1_142' title='bbox 734 1991 825 2050; x_wconf 90' lang='lat' dir='ltr'><strong>habet</strong></span> <span class='ocrx_word' id='word_1_143' title='bbox 844 1991 958 2050; x_wconf 87' lang='lat' dir='ltr'><strong>multos</strong></span> <span class='ocrx_word' id='word_1_144' title='bbox 978 1989 1161 2072; x_wconf 88' lang='lat' dir='ltr'><strong>discipulos,</strong></span> <span class='ocrx_word' id='word_1_145' title='bbox 1195 2012 1307 2073; x_wconf 81' lang='lat' dir='ltr'><strong>parvos</strong></span> <span class='ocrx_word' id='word_1_146' title='bbox 1327 2000 1357 2050; x_wconf 90' lang='lat' dir='ltr'><strong>et</strong></span> 
     </span>
     <span class='ocr_line' id='line_1_18' title="bbox 151 2089 1357 2172; baseline 0.002 -26"><span class='ocrx_word' id='word_1_147' title='bbox 151 2138 159 2146; x_wconf 83' lang='grc'><strong><em>,</em></strong></span> <span class='ocrx_word' id='word_1_148' title='bbox 225 2112 367 2172; x_wconf 87' lang='lat' dir='ltr'><strong>magnos,</strong></span> <span class='ocrx_word' id='word_1_149' title='bbox 404 2111 491 2150; x_wconf 87' lang='lat' dir='ltr'><strong>senes</strong></span> <span class='ocrx_word' id='word_1_150' title='bbox 511 2112 582 2151; x_wconf 89' lang='lat' dir='ltr'><strong>cum</strong></span> <span class='ocrx_word' id='word_1_151' title='bbox 602 2089 794 2170; x_wconf 81' lang='lat' dir='ltr'><strong>junioribus,</strong></span> <span class='ocrx_word' id='word_1_152' title='bbox 831 2100 862 2150; x_wconf 86' lang='lat' dir='ltr'><strong>et</strong></span> <span class='ocrx_word' id='word_1_153' title='bbox 888 2109 959 2150; x_wconf 89' lang='lat' dir='ltr'><strong>cum</strong></span> <span class='ocrx_word' id='word_1_154' title='bbox 979 2110 1089 2170; x_wconf 87' lang='lat' dir='ltr'><strong>magna</strong></span> <span class='ocrx_word' id='word_1_155' title='bbox 1109 2091 1285 2152; x_wconf 84' lang='lat' dir='ltr'><strong>maturitate</strong></span> <span class='ocrx_word' id='word_1_156' title='bbox 1307 2089 1357 2148; x_wconf 90' lang='lat' dir='ltr'><strong>di·</strong></span> 
     </span>
     <span class='ocr_line' id='line_1_19' title="bbox 226 2189 1356 2270; baseline -0.002 -19"><span class='ocrx_word' id='word_1_157' title='bbox 226 2192 289 2265; x_wconf 87' lang='lat' dir='ltr'><strong>xit,</strong></span> <span class='ocrx_word' id='word_1_158' title='bbox 311 2201 343 2252; x_wconf 89' lang='lat' dir='ltr'><strong>et</strong></span> <span class='ocrx_word' id='word_1_159' title='bbox 362 2189 480 2264; x_wconf 90' lang='lat' dir='ltr'><strong>tenuit,</strong></span> <span class='ocrx_word' id='word_1_160' title='bbox 501 2189 584 2270; x_wconf 91' lang='lat' dir='ltr'><strong>quod</strong></span> <span class='ocrx_word' id='word_1_161' title='bbox 606 2189 771 2249; x_wconf 88' lang='lat' dir='ltr'><strong>dicendum</strong></span> <span class='ocrx_word' id='word_1_162' title='bbox 790 2198 837 2249; x_wconf 89' lang='lat' dir='ltr'><strong>est</strong></span> <span class='ocrx_word' id='word_1_163' title='bbox 857 2198 983 2263; x_wconf 86' lang='lat' dir='ltr'><strong>„noster</strong></span> <span class='ocrx_word' id='word_1_164' title='bbox 996 2189 1254 2270; x_wconf 86' lang='lat' dir='ltr'><strong>Magistrandus,“</strong></span> <span class='ocrx_word' id='word_1_165' title='bbox 1273 2189 1356 2270; x_wconf 89' lang='lat' dir='ltr'><strong>quod</strong></span> 
     </span>
     <span class='ocr_line' id='line_1_20' title="bbox 225 2285 1356 2370; baseline -0.004 -18"><span class='ocrx_word' id='word_1_166' title='bbox 225 2289 266 2352; x_wconf 89' lang='lat' dir='ltr'><strong>sit</strong></span> <span class='ocrx_word' id='word_1_167' title='bbox 285 2309 349 2350; x_wconf 87' lang='lat' dir='ltr'><strong>nna</strong></span> <span class='ocrx_word' id='word_1_168' title='bbox 371 2289 479 2349; x_wconf 88' lang='lat' dir='ltr'><strong>dictio:</strong></span> <span class='ocrx_word' id='word_1_169' title='bbox 522 2289 595 2369; x_wconf 90' lang='lat' dir='ltr'><strong>quia</strong></span> <span class='ocrx_word' id='word_1_170' title='bbox 616 2288 795 2369; x_wconf 83' lang='lat' dir='ltr'><strong>magistrare</strong></span> <span class='ocrx_word' id='word_1_171' title='bbox 813 2285 964 2370; x_wconf 82' lang='lat' dir='ltr'><strong>significat</strong></span> <span class='ocrx_word' id='word_1_172' title='bbox 985 2286 1169 2369; x_wconf 81' lang='lat' dir='ltr'><strong>Magistrum</strong></span> <span class='ocrx_word' id='word_1_173' title='bbox 1187 2289 1304 2364; x_wconf 83' lang='lat' dir='ltr'><strong>iacere,</strong></span> <span class='ocrx_word' id='word_1_174' title='bbox 1326 2297 1356 2348; x_wconf 89' lang='lat' dir='ltr'><strong>et</strong></span> 
     </span>
     <span class='ocr_line' id='line_1_21' title="bbox 224 2371 1356 2462; baseline -0.001 -13"><span class='ocrx_word' id='word_1_175' title='bbox 224 2371 453 2450; x_wconf 75' lang='lat' dir='ltr'><strong>baccalauriare</strong></span> <span class='ocrx_word' id='word_1_176' title='bbox 475 2388 707 2448; x_wconf 81' lang='lat' dir='ltr'><strong>Bacoalaurinm</strong></span> <span class='ocrx_word' id='word_1_177' title='bbox 730 2389 852 2462; x_wconf 84' lang='lat' dir='ltr'><strong>facere,</strong></span> <span class='ocrx_word' id='word_1_178' title='bbox 885 2397 916 2448; x_wconf 90' lang='lat' dir='ltr'><strong>et</strong></span> <span class='ocrx_word' id='word_1_179' title='bbox 936 2387 1095 2450; x_wconf 81' lang='lat' dir='ltr'><strong>doctorare</strong></span> <span class='ocrx_word' id='word_1_180' title='bbox 1116 2390 1285 2450; x_wconf 86' lang='lat' dir='ltr'><strong>Doctorem</strong></span> <span class='ocrx_word' id='word_1_181' title='bbox 1305 2389 1356 2448; x_wconf 84' lang='lat' dir='ltr'><strong>fa·</strong></span> 
     </span>
     <span class='ocr_line' id='line_1_22' title="bbox 226 2486 1358 2568; baseline 0 -20"><span class='ocrx_word' id='word_1_182' title='bbox 226 2508 314 2563; x_wconf 87' lang='lat' dir='ltr'><strong>cere,</strong></span> <span class='ocrx_word' id='word_1_183' title='bbox 335 2498 367 2549; x_wconf 88' lang='lat' dir='ltr'><strong>et</strong></span> <span class='ocrx_word' id='word_1_184' title='bbox 385 2488 460 2548; x_wconf 87' lang='lat' dir='ltr'><strong>hinc</strong></span> <span class='ocrx_word' id='word_1_185' title='bbox 480 2487 612 2549; x_wconf 85' lang='lat' dir='ltr'><strong>veniunt</strong></span> <span class='ocrx_word' id='word_1_186' title='bbox 632 2486 685 2547; x_wconf 86' lang='lat' dir='ltr'><strong>isti</strong></span> <span class='ocrx_word' id='word_1_187' title='bbox 710 2486 852 2559; x_wconf 81' lang='lat' dir='ltr'><strong>termini,</strong></span> <span class='ocrx_word' id='word_1_188' title='bbox 890 2487 1159 2568; x_wconf 84' lang='lat' dir='ltr'><strong>„Magistrandus,</strong></span> <span class='ocrx_word' id='word_1_189' title='bbox 1190 2488 1358 2548; x_wconf 60' lang='lat' dir='ltr'><strong>Baeculam</strong></span> 
     </span>
     <span class='ocr_line' id='line_1_23' title="bbox 225 2569 1422 2666; baseline -0.003 -17"><span class='ocrx_word' id='word_1_190' title='bbox 225 2569 368 2660; x_wconf 83' lang='lat' dir='ltr'><strong>riandus,</strong></span> <span class='ocrx_word' id='word_1_191' title='bbox 390 2597 420 2647; x_wconf 87' lang='lat' dir='ltr'><strong>et</strong></span> <span class='ocrx_word' id='word_1_192' title='bbox 440 2585 701 2666; x_wconf 81' lang='lat' dir='ltr'><strong>Doctrinandus.“</strong></span> <span class='ocrx_word' id='word_1_193' title='bbox 743 2585 804 2644; x_wconf 88' lang='lat' dir='ltr'><strong>Sed</strong></span> <span class='ocrx_word' id='word_1_194' title='bbox 824 2585 907 2664; x_wconf 89' lang='lat' dir='ltr'><strong>quod</strong></span> <span class='ocrx_word' id='word_1_195' title='bbox 926 2586 1076 2645; x_wconf 84' lang='lat' dir='ltr'><strong>Doctores</strong></span> <span class='ocrx_word' id='word_1_196' title='bbox 1097 2587 1130 2645; x_wconf 89' lang='lat' dir='ltr'><strong>in</strong></span> <span class='ocrx_word' id='word_1_197' title='bbox 1151 2585 1356 2648; x_wconf 87' lang='lat' dir='ltr'><strong>saoraTheo-</strong></span> <span class='ocrx_word' id='word_1_198' title='bbox 1421 2577 1422 2584; x_wconf 9' lang='grc' dir='ltr'>ἵ</span> 
     </span>
     <span class='ocr_line' id='line_1_24' title="bbox 224 2683 1360 2770; baseline 0.001 -27"><span class='ocrx_word' id='word_1_199' title='bbox 224 2685 307 2770; x_wconf 87' lang='lat' dir='ltr'><strong>logia</strong></span> <span class='ocrx_word' id='word_1_200' title='bbox 326 2705 391 2746; x_wconf 87' lang='lat' dir='ltr'><strong>non</strong></span> <span class='ocrx_word' id='word_1_201' title='bbox 408 2685 557 2746; x_wconf 87' lang='lat' dir='ltr'><strong>dicuntur</strong></span> <span class='ocrx_word' id='word_1_202' title='bbox 577 2687 743 2757; x_wconf 84' lang='lat' dir='ltr'><strong>Doctores,</strong></span> <span class='ocrx_word' id='word_1_203' title='bbox 767 2684 821 2744; x_wconf 88' lang='lat' dir='ltr'><strong>sed</strong></span> <span class='ocrx_word' id='word_1_204' title='bbox 842 2693 969 2763; x_wconf 86' lang='lat' dir='ltr'><strong>propter</strong></span> <span class='ocrx_word' id='word_1_205' title='bbox 989 2683 1193 2744; x_wconf 84' lang='lat' dir='ltr'><strong>humilitatem</strong></span> <span class='ocrx_word' id='word_1_206' title='bbox 1208 2694 1239 2744; x_wconf 87' lang='lat' dir='ltr'><strong>et</strong></span> <span class='ocrx_word' id='word_1_207' title='bbox 1260 2686 1360 2745; x_wconf 60' lang='lat' dir='ltr'><strong>atiani*</strong></span> 
     </span>
     <span class='ocr_line' id='line_1_25' title="bbox 225 2781 1356 2864; baseline 0.002 -22"><span class='ocrx_word' id='word_1_208' title='bbox 225 2783 432 2858; x_wconf 87' lang='lat' dir='ltr'><strong>sanctitatem,</strong></span> <span class='ocrx_word' id='word_1_209' title='bbox 455 2794 486 2843; x_wconf 91' lang='lat' dir='ltr'><strong>et</strong></span> <span class='ocrx_word' id='word_1_210' title='bbox 505 2793 632 2864; x_wconf 87' lang='lat' dir='ltr'><strong>propter</strong></span> <span class='ocrx_word' id='word_1_211' title='bbox 653 2782 860 2842; x_wconf 84' lang='lat' dir='ltr'><strong>differentiam</strong></span> <span class='ocrx_word' id='word_1_212' title='bbox 882 2781 1083 2842; x_wconf 85' lang='lat' dir='ltr'><strong>nominantur</strong></span> <span class='ocrx_word' id='word_1_213' title='bbox 1110 2803 1164 2842; x_wconf 87' lang='lat' dir='ltr'><strong>seu</strong></span> <span class='ocrx_word' id='word_1_214' title='bbox 1194 2783 1356 2864; x_wconf 86' lang='lat' dir='ltr'><strong>appellan-</strong></span> 
     </span>
     <span class='ocr_line' id='line_1_26' title="bbox 226 2877 1355 2962; baseline 0.001 -20"><span class='ocrx_word' id='word_1_215' title='bbox 226 2891 279 2942; x_wconf 85' lang='lat' dir='ltr'><strong>tm</strong></span> <span class='ocrx_word' id='word_1_216' title='bbox 302 2883 443 2962; x_wconf 80' lang='lat' dir='ltr'><strong>Magistri</strong></span> <span class='ocrx_word' id='word_1_217' title='bbox 462 2883 575 2954; x_wconf 85' lang='lat' dir='ltr'><strong>nostri,</strong></span> <span class='ocrx_word' id='word_1_218' title='bbox 608 2881 686 2960; x_wconf 84' lang='lat' dir='ltr'><strong>quia</strong></span> <span class='ocrx_word' id='word_1_219' title='bbox 708 2889 792 2939; x_wconf 82' lang='lat' dir='ltr'><strong>stant</strong></span> <span class='ocrx_word' id='word_1_220' title='bbox 816 2879 851 2938; x_wconf 93' lang='lat' dir='ltr'><strong>in</strong></span> <span class='ocrx_word' id='word_1_221' title='bbox 880 2877 941 2940; x_wconf 87' lang='lat' dir='ltr'><strong>fide</strong></span> <span class='ocrx_word' id='word_1_222' title='bbox 963 2879 1114 2940; x_wconf 82' lang='lat' dir='ltr'><strong>catholica</strong></span> <span class='ocrx_word' id='word_1_223' title='bbox 1141 2882 1176 2942; x_wconf 90' lang='lat' dir='ltr'><strong>in</strong></span> <span class='ocrx_word' id='word_1_224' title='bbox 1195 2883 1265 2942; x_wconf 92' lang='lat' dir='ltr'><strong>loco</strong></span> <span class='ocrx_word' id='word_1_225' title='bbox 1286 2885 1355 2943; x_wconf 89' lang='lat' dir='ltr'><strong>Do-</strong></span> 
     </span>
     <span class='ocr_line' id='line_1_27' title="bbox 152 2971 1356 3058; baseline 0.003 -20"><span class='ocrx_word' id='word_1_226' title='bbox 152 3033 157 3046; x_wconf 81' lang='grc'><em>,</em></span> <span class='ocrx_word' id='word_1_227' title='bbox 227 2979 306 3039; x_wconf 87' lang='lat' dir='ltr'><strong>mini</strong></span> <span class='ocrx_word' id='word_1_228' title='bbox 326 2982 426 3040; x_wconf 89' lang='lat' dir='ltr'><strong>nostri</strong></span> <span class='ocrx_word' id='word_1_229' title='bbox 446 2983 517 3042; x_wconf 84' lang='lat' dir='ltr'><strong>lesu</strong></span> <span class='ocrx_word' id='word_1_230' title='bbox 538 2979 670 3051; x_wconf 86' lang='lat' dir='ltr'><strong>Christi,</strong></span> <span class='ocrx_word' id='word_1_231' title='bbox 701 2979 756 3058; x_wconf 92' lang='lat' dir='ltr'><strong>qui</strong></span> <span class='ocrx_word' id='word_1_232' title='bbox 775 2988 820 3037; x_wconf 89' lang='lat' dir='ltr'><strong>est</strong></span> <span class='ocrx_word' id='word_1_233' title='bbox 840 2976 909 3037; x_wconf 86' lang='lat' dir='ltr'><strong>fons</strong></span> <span class='ocrx_word' id='word_1_234' title='bbox 929 2979 1027 3051; x_wconf 83' lang='lat' dir='ltr'><strong>vitae,</strong></span> <span class='ocrx_word' id='word_1_235' title='bbox 1054 2980 1108 3040; x_wconf 87' lang='lat' dir='ltr'><strong>sed</strong></span> <span class='ocrx_word' id='word_1_236' title='bbox 1130 2981 1276 3042; x_wconf 86' lang='lat' dir='ltr'><strong>Christus·</strong></span> <span class='ocrx_word' id='word_1_237' title='bbox 1291 2971 1356 3042; x_wconf 80' lang='lat' dir='ltr'><strong>tuit&#39;</strong></span> 
     </span>
     <span class='ocr_line' id='line_1_28' title="bbox 227 3077 1354 3161; baseline 0.003 -23"><span class='ocrx_word' id='word_1_238' title='bbox 227 3086 403 3138; x_wconf 88' lang='lat' dir='ltr'><strong>nostrorum</strong></span> <span class='ocrx_word' id='word_1_239' title='bbox 424 3079 563 3139; x_wconf 86' lang='lat' dir='ltr'><strong>omnium</strong></span> <span class='ocrx_word' id='word_1_240' title='bbox 585 3078 740 3156; x_wconf 82' lang='lat' dir='ltr'><strong>Magister.</strong></span> <span class='ocrx_word' id='word_1_241' title='bbox 802 3079 885 3158; x_wconf 89' lang='lat' dir='ltr'><strong>Ergo</strong></span> <span class='ocrx_word' id='word_1_242' title='bbox 914 3077 975 3158; x_wconf 88' lang='lat' dir='ltr'><strong>ipsi</strong></span> <span class='ocrx_word' id='word_1_243' title='bbox 999 3079 1194 3158; x_wconf 86' lang='lat' dir='ltr'><strong>appellantur</strong></span> <span class='ocrx_word' id='word_1_244' title='bbox 1213 3081 1354 3161; x_wconf 84' lang='lat' dir='ltr'><strong>Magistri</strong></span> 
     </span>
     <span class='ocr_line' id='line_1_29' title="bbox 226 3175 1353 3258; baseline 0.004 -22"><span class='ocrx_word' id='word_1_245' title='bbox 226 3175 341 3252; x_wconf 86' lang='lat' dir='ltr'><strong>nostri,</strong></span> <span class='ocrx_word' id='word_1_246' title='bbox 364 3178 447 3258; x_wconf 87' lang='lat' dir='ltr'><strong>quod</strong></span> <span class='ocrx_word' id='word_1_247' title='bbox 466 3178 580 3238; x_wconf 85' lang='lat' dir='ltr'><strong>habent</strong></span> <span class='ocrx_word' id='word_1_248' title='bbox 600 3198 656 3237; x_wconf 89' lang='lat' dir='ltr'><strong>noa</strong></span> <span class='ocrx_word' id='word_1_249' title='bbox 675 3178 829 3236; x_wconf 82' lang='lat' dir='ltr'><strong>instruere</strong></span> <span class='ocrx_word' id='word_1_250' title='bbox 848 3177 883 3236; x_wconf 89' lang='lat' dir='ltr'><strong>in</strong></span> <span class='ocrx_word' id='word_1_251' title='bbox 904 3177 956 3236; x_wconf 84' lang='lat' dir='ltr'><strong>via</strong></span> <span class='ocrx_word' id='word_1_252' title='bbox 976 3176 1129 3252; x_wconf 83' lang='lat' dir='ltr'><strong>veritatis,</strong></span> <span class='ocrx_word' id='word_1_253' title='bbox 1151 3186 1182 3236; x_wconf 87' lang='lat' dir='ltr'><strong>et</strong></span> <span class='ocrx_word' id='word_1_254' title='bbox 1201 3180 1288 3240; x_wconf 83' lang='lat' dir='ltr'><strong>Deua</strong></span> <span class='ocrx_word' id='word_1_255' title='bbox 1309 3190 1353 3240; x_wconf 85' lang='lat' dir='ltr'><strong>est</strong></span> 
     </span>
     <span class='ocr_line' id='line_1_30' title="bbox 227 3274 1352 3359; baseline 0.002 -23"><span class='ocrx_word' id='word_1_256' title='bbox 227 3276 356 3351; x_wconf 86' lang='lat' dir='ltr'><strong>veritas,</strong></span> <span class='ocrx_word' id='word_1_257' title='bbox 376 3289 566 3359; x_wconf 70' lang='lat' dir='ltr'><strong>quapropter</strong></span> <span class='ocrx_word' id='word_1_258' title='bbox 586 3277 697 3336; x_wconf 89' lang='lat' dir='ltr'><strong>merito</strong></span> <span class='ocrx_word' id='word_1_259' title='bbox 718 3286 869 3336; x_wconf 84' lang='lat' dir='ltr'><strong>vocantur</strong></span> <span class='ocrx_word' id='word_1_260' title='bbox 889 3274 1031 3355; x_wconf 89' lang='lat' dir='ltr'><strong>Magistri</strong></span> <span class='ocrx_word' id='word_1_261' title='bbox 1050 3275 1167 3350; x_wconf 85' lang='lat' dir='ltr'><strong>nostri,</strong></span> <span class='ocrx_word' id='word_1_262' title='bbox 1189 3278 1262 3356; x_wconf 89' lang='lat' dir='ltr'><strong>qnia</strong></span> <span class='ocrx_word' id='word_1_263' title='bbox 1284 3279 1352 3338; x_wconf 70' lang='grc' dir='ltr'><strong>οη]-1</strong></span> 
     </span>
     <span class='ocr_line' id='line_1_31' title="bbox 226 3369 1353 3455; baseline 0.003 -21"><span class='ocrx_word' id='word_1_264' title='bbox 226 3394 282 3434; x_wconf 85' lang='lat' dir='ltr'><strong>nos</strong></span> <span class='ocrx_word' id='word_1_265' title='bbox 300 3369 357 3435; x_wconf 83' lang='lat' dir='ltr'><strong>nos</strong></span> <span class='ocrx_word' id='word_1_266' title='bbox 373 3377 491 3435; x_wconf 83' lang='lat' dir='ltr'><strong>scilicet</strong></span> <span class='ocrx_word' id='word_1_267' title='bbox 513 3375 681 3437; x_wconf 83' lang='lat' dir='ltr'><strong>Christiani</strong></span> <span class='ocrx_word' id='word_1_268' title='bbox 701 3373 846 3436; x_wconf 85' lang='lat' dir='ltr'><strong>debemus</strong></span> <span class='ocrx_word' id='word_1_269' title='bbox 868 3385 898 3434; x_wconf 88' lang='lat' dir='ltr'><strong>et</strong></span> <span class='ocrx_word' id='word_1_270' title='bbox 919 3383 1078 3446; x_wconf 87' lang='lat' dir='ltr'><strong>tenemur,</strong></span> <span class='ocrx_word' id='word_1_271' title='bbox 1101 3374 1209 3434; x_wconf 87' lang='lat' dir='ltr'><strong>andire</strong></span> <span class='ocrx_word' id='word_1_272' title='bbox 1227 3378 1353 3455; x_wconf 51' lang='lat' dir='ltr'><strong>praedi?</strong></span> 
     </span>
     <span class='ocr_line' id='line_1_32' title="bbox 227 3472 1351 3555; baseline 0 -21"><span class='ocrx_word' id='word_1_273' title='bbox 227 3474 378 3534; x_wconf 81' lang='lat' dir='ltr'><strong>sationem</strong></span> <span class='ocrx_word' id='word_1_274' title='bbox 399 3493 525 3549; x_wconf 86' lang='lat' dir='ltr'><strong>eorum,</strong></span> <span class='ocrx_word' id='word_1_275' title='bbox 556 3486 590 3535; x_wconf 91' lang='lat' dir='ltr'><strong>et</strong></span> <span class='ocrx_word' id='word_1_276' title='bbox 615 3475 720 3534; x_wconf 85' lang='lat' dir='ltr'><strong>nullus</strong></span> <span class='ocrx_word' id='word_1_277' title='bbox 748 3473 837 3534; x_wconf 89' lang='lat' dir='ltr'><strong>debet</strong></span> <span class='ocrx_word' id='word_1_278' title='bbox 862 3472 966 3532; x_wconf 86' lang='lat' dir='ltr'><strong>dicere</strong></span> <span class='ocrx_word' id='word_1_279' title='bbox 992 3475 1099 3532; x_wconf 77' lang='lat' dir='ltr'><strong>contra</strong></span> <span class='ocrx_word' id='word_1_280' title='bbox 1127 3494 1196 3540; x_wconf 87' lang='lat' dir='ltr'><strong>eos,</strong></span> <span class='ocrx_word' id='word_1_281' title='bbox 1228 3496 1269 3536; x_wconf 80' lang='lat' dir='ltr'><strong>ex</strong></span> <span class='ocrx_word' id='word_1_282' title='bbox 1289 3495 1351 3555; x_wconf 88' lang='lat' dir='ltr'><strong>quo</strong></span> 
     </span>
     <span class='ocr_line' id='line_1_33' title="bbox 227 3572 1351 3651; baseline 0.004 -19"><span class='ocrx_word' id='word_1_283' title='bbox 227 3583 299 3632; x_wconf 91' lang='lat' dir='ltr'><strong>sunt</strong></span> <span class='ocrx_word' id='word_1_284' title='bbox 319 3576 459 3634; x_wconf 86' lang='lat' dir='ltr'><strong>omnium</strong></span> <span class='ocrx_word' id='word_1_285' title='bbox 482 3585 642 3635; x_wconf 89' lang='lat' dir='ltr'><strong>nostorum</strong></span> <span class='ocrx_word' id='word_1_286' title='bbox 663 3572 812 3651; x_wconf 81' lang='lat' dir='ltr'><strong>Magistri.</strong></span> <span class='ocrx_word' id='word_1_287' title='bbox 854 3572 915 3630; x_wconf 92' lang='lat' dir='ltr'><strong>Sed</strong></span> <span class='ocrx_word' id='word_1_288' title='bbox 936 3581 1050 3644; x_wconf 88' lang='lat' dir='ltr'><strong>nostro,</strong></span> <span class='ocrx_word' id='word_1_289' title='bbox 1073 3579 1152 3645; x_wconf 88' lang='lat' dir='ltr'><strong>tras,</strong></span> <span class='ocrx_word' id='word_1_290' title='bbox 1173 3581 1266 3647; x_wconf 86' lang='lat' dir='ltr'><strong>trare,</strong></span> <span class='ocrx_word' id='word_1_291' title='bbox 1287 3572 1351 3636; x_wconf 84' lang='lat' dir='ltr'><strong>nori</strong></span> 
     </span>
     <span class='ocr_line' id='line_1_34' title="bbox 199 3657 1352 3752; baseline 0.004 -24"><span class='ocrx_word' id='word_1_292' title='bbox 199 3737 203 3744; x_wconf 25' lang='lat'><strong><em>⁴</em></strong></span> <span class='ocrx_word' id='word_1_293' title='bbox 229 3681 277 3730; x_wconf 50' lang='lat' dir='ltr'><strong>est¹</strong></span> <span class='ocrx_word' id='word_1_294' title='bbox 292 3672 326 3732; x_wconf 90' lang='lat' dir='ltr'><strong>in</strong></span> <span class='ocrx_word' id='word_1_295' title='bbox 348 3695 423 3747; x_wconf 85' lang='lat' dir='ltr'><strong>asu,</strong></span> <span class='ocrx_word' id='word_1_296' title='bbox 457 3683 487 3734; x_wconf 92' lang='lat' dir='ltr'><strong>et</strong></span> <span class='ocrx_word' id='word_1_297' title='bbox 507 3694 608 3752; x_wconf 82' lang='lat' dir='ltr'><strong>neque</strong></span> <span class='ocrx_word' id='word_1_298' title='bbox 628 3671 742 3752; x_wconf 89' lang='lat' dir='ltr'><strong>legitur</strong></span> <span class='ocrx_word' id='word_1_299' title='bbox 763 3667 796 3729; x_wconf 89' lang='lat' dir='ltr'><strong>in</strong></span> <span class='ocrx_word' id='word_1_300' title='bbox 820 3670 1025 3730; x_wconf 81' lang='lat' dir='ltr'><strong>vocabulario.</strong></span> <span class='ocrx_word' id='word_1_301' title='bbox 1067 3657 1116 3730; x_wconf 82' lang='lat' dir='ltr'><strong>Ex</strong></span> <span class='ocrx_word' id='word_1_302' title='bbox 1146 3666 1352 3752; x_wconf 77' lang='lat' dir='ltr'><strong>quo,·nequo</strong></span> 
     </span>
     <span class='ocr_line' id='line_1_35' title="bbox 228 3761 1350 3852; baseline 0.003 -26"><span class='ocrx_word' id='word_1_303' title='bbox 228 3769 262 3827; x_wconf 91' lang='lat' dir='ltr'><strong>in</strong></span> <span class='ocrx_word' id='word_1_304' title='bbox 284 3772 479 3846; x_wconf 73' lang='lat' dir='ltr'><strong>Catholicae,</strong></span> <span class='ocrx_word' id='word_1_305' title='bbox 501 3793 602 3852; x_wconf 88' lang='lat' dir='ltr'><strong>nequo</strong></span> <span class='ocrx_word' id='word_1_306' title='bbox 623 3771 658 3830; x_wconf 88' lang='lat' dir='ltr'><strong>in</strong></span> <span class='ocrx_word' id='word_1_307' title='bbox 678 3769 897 3847; x_wconf 76' lang='lat' dir='ltr'><strong>Breviloquio,</strong></span> <span class='ocrx_word' id='word_1_308' title='bbox 934 3770 1090 3847; x_wconf 83' lang='lat' dir='ltr'><strong>usquein</strong></span> <span class='ocrx_word' id='word_1_309' title='bbox 1116 3769 1242 3828; x_wconf 82' lang='lat' dir='ltr'><strong>Gemma</strong></span> <span class='ocrx_word' id='word_1_310' title='bbox 1261 3761 1350 3850; x_wconf 73' lang='lat' dir='ltr'><strong>geni-</strong></span> 
     </span>
     <span class='ocr_line' id='line_1_36' title="bbox 228 3868 1351 3950; baseline 0.004 -26"><span class='ocrx_word' id='word_1_311' title='bbox 228 3887 364 3940; x_wconf 82' lang='lat' dir='ltr'><strong>murum,</strong></span> <span class='ocrx_word' id='word_1_312' title='bbox 386 3871 440 3950; x_wconf 85' lang='lat' dir='ltr'><strong>qni</strong></span> <span class='ocrx_word' id='word_1_313' title='bbox 460 3883 563 3930; x_wconf 83' lang='lat' dir='ltr'><strong>tamen</strong></span> <span class='ocrx_word' id='word_1_314' title='bbox 582 3869 675 3928; x_wconf 83' lang='lat' dir='ltr'><strong>habet</strong></span> <span class='ocrx_word' id='word_1_315' title='bbox 694 3868 807 3927; x_wconf 88' lang='lat' dir='ltr'><strong>multos</strong></span> <span class='ocrx_word' id='word_1_316' title='bbox 828 3869 986 3927; x_wconf 85' lang='lat' dir='ltr'><strong>terminos.</strong></span> <span class='ocrx_word' id='word_1_317' title='bbox 1038 3868 1120 3948; x_wconf 88' lang='lat' dir='ltr'><strong>Ergo</strong></span> <span class='ocrx_word' id='word_1_318' title='bbox 1141 3868 1288 3928; x_wconf 88' lang='lat' dir='ltr'><strong>debemus</strong></span> <span class='ocrx_word' id='word_1_319' title='bbox 1302 3869 1351 3928; x_wconf 90' lang='lat' dir='ltr'><strong>di-</strong></span> 
     </span>
     <span class='ocr_line' id='line_1_37' title="bbox 229 3959 1350 4050; baseline 0.003 -26"><span class='ocrx_word' id='word_1_320' title='bbox 229 3985 312 4040; x_wconf 89' lang='lat' dir='ltr'><strong>cere,</strong></span> <span class='ocrx_word' id='word_1_321' title='bbox 335 3980 439 4030; x_wconf 89' lang='lat' dir='ltr'><strong>noster</strong></span> <span class='ocrx_word' id='word_1_322' title='bbox 458 3968 700 4050; x_wconf 84' lang='lat' dir='ltr'><strong>Magistrandus,</strong></span> <span class='ocrx_word' id='word_1_323' title='bbox 720 3977 752 4026; x_wconf 83' lang='lat' dir='ltr'><strong>et</strong></span> <span class='ocrx_word' id='word_1_324' title='bbox 771 3987 835 4026; x_wconf 93' lang='lat' dir='ltr'><strong>non</strong></span> <span class='ocrx_word' id='word_1_325' title='bbox 848 3967 996 4046; x_wconf 88' lang='lat' dir='ltr'><strong>Magister</strong></span> <span class='ocrx_word' id='word_1_326' title='bbox 1015 3967 1207 4027; x_wconf 70' lang='lat' dir='ltr'><strong>nostrandusl</strong></span> <span class='ocrx_word' id='word_1_327' title='bbox 1259 3959 1350 4029; x_wconf 76' lang='lat' dir='ltr'><strong>Tunc</strong></span> 
     </span>
     <span class='ocr_line' id='line_1_38' title="bbox 216 4055 1350 4146; baseline -0.001 -21"><span class='ocrx_word' id='word_1_328' title='bbox 216 4065 374 4142; x_wconf 63' lang='lat' dir='ltr'><strong>“Magister</strong></span> <span class='ocrx_word' id='word_1_329' title='bbox 398 4068 543 4128; x_wconf 82' lang='lat' dir='ltr'><strong>Andreas</strong></span> <span class='ocrx_word' id='word_1_330' title='bbox 562 4066 724 4135; x_wconf 63' lang='lat' dir='ltr'><strong>Deletae,</strong></span> <span class='ocrx_word' id='word_1_331' title='bbox 763 4063 820 4144; x_wconf 89' lang='lat' dir='ltr'><strong>qui</strong></span> <span class='ocrx_word' id='word_1_332' title='bbox 845 4055 889 4123; x_wconf 73' lang='lat' dir='ltr'><strong>&#39;est</strong></span> <span class='ocrx_word' id='word_1_333' title='bbox 908 4065 1042 4124; x_wconf 75' lang='lat' dir='ltr'><strong>multasti</strong></span> <span class='ocrx_word' id='word_1_334' title='bbox 1062 4064 1197 4134; x_wconf 68' lang='lat' dir='ltr'><strong>subtilis,</strong></span> <span class='ocrx_word' id='word_1_335' title='bbox 1241 4074 1271 4126; x_wconf 85' lang='lat' dir='ltr'><strong>et</strong></span> <span class='ocrx_word' id='word_1_336' title='bbox 1291 4071 1350 4146; x_wconf 85' lang='lat' dir='ltr'><strong>pro&#39;</strong></span> 
     </span>
     <span class='ocr_line' id='line_1_39' title="bbox 228 4157 1421 4245; baseline 0.003 -23"><span class='ocrx_word' id='word_1_337' title='bbox 228 4174 374 4242; x_wconf 84' lang='lat' dir='ltr'><strong>parteest</strong></span> <span class='ocrx_word' id='word_1_338' title='bbox 393 4166 503 4239; x_wconf 72' lang='lat' dir='ltr'><strong>Podta,</strong></span> <span class='ocrx_word' id='word_1_339' title='bbox 525 4157 556 4224; x_wconf 69' lang='lat' dir='ltr'><strong>*et</strong></span> <span class='ocrx_word' id='word_1_340' title='bbox 576 4185 634 4245; x_wconf 85' lang='lat' dir='ltr'><strong>pro</strong></span> <span class='ocrx_word' id='word_1_341' title='bbox 654 4175 738 4244; x_wconf 84' lang='lat' dir='ltr'><strong>garte</strong></span> <span class='ocrx_word' id='word_1_342' title='bbox 760 4163 944 4237; x_wconf 83' lang='lat' dir='ltr'><strong>estArtista,</strong></span> <span class='ocrx_word' id='word_1_343' title='bbox 967 4164 1107 4223; x_wconf 88' lang='lat' dir='ltr'><strong>Medicus</strong></span> <span class='ocrx_word' id='word_1_344' title='bbox 1119 4163 1290 4223; x_wconf 86' lang='lat' dir='ltr'><strong>etJurista:</strong></span> <span class='ocrx_word' id='word_1_345' title='bbox 1320 4176 1350 4225; x_wconf 90' lang='lat' dir='ltr'><strong>et</strong></span> <span class='ocrx_word' id='word_1_346' title='bbox 1420 4171 1421 4176; x_wconf 74' lang='grc'>’</span> 
     </span>
     <span class='ocr_line' id='line_1_40' title="bbox 227 4259 1347 4343; baseline 0.003 -22"><span class='ocrx_word' id='word_1_347' title='bbox 227 4260 289 4340; x_wconf 82' lang='lat' dir='ltr'><strong>jam</strong></span> <span class='ocrx_word' id='word_1_348' title='bbox 313 4263 396 4343; x_wconf 87' lang='lat' dir='ltr'><strong>legit.</strong></span> <span class='ocrx_word' id='word_1_349' title='bbox 415 4263 572 4324; x_wconf 86' lang='lat' dir='ltr'><strong>ordinarie</strong></span> <span class='ocrx_word' id='word_1_350' title='bbox 600 4259 750 4324; x_wconf 83' lang='lat' dir='ltr'><strong>Ovidium</strong></span> <span class='ocrx_word' id='word_1_351' title='bbox 778 4263 812 4322; x_wconf 93' lang='lat' dir='ltr'><strong>in</strong></span> <span class='ocrx_word' id='word_1_352' title='bbox 839 4261 1126 4342; x_wconf 85' lang='lat' dir='ltr'><strong>Metamorphosiis,</strong></span> <span class='ocrx_word' id='word_1_353' title='bbox 1165 4272 1196 4322; x_wconf 91' lang='lat' dir='ltr'><strong>et</strong></span> <span class='ocrx_word' id='word_1_354' title='bbox 1217 4266 1347 4342; x_wconf 87' lang='lat' dir='ltr'><strong>exponit</strong></span> 
     </span>
    </p>
   </div>
   <div class='ocr_carea' id='block_1_5' title="bbox 0 0 1440 4722">
    <p class='ocr_par' dir='ltr' id='par_1_7' title="bbox 0 0 1440 4722">
     <span class='ocr_line' id='line_1_41' title="bbox 0 0 1440 4722; baseline 0 2"><span class='ocrx_word' id='word_1_355' title='bbox 0 0 1440 4722; x_wconf 95' lang='lat' dir='ltr'><strong> </strong></span> 
     </span>
    </p>
   </div>
  </div>
 </body>
</html>
