2872 4722
387 370 929 458 opsonavtuou.
1095 359 1100 368 ’
1162 367 1282 434 rco‘

91 534 304 616 Obscurorum
324 530 508 606 Virorum,“
529 532 608 592 sicut
622 529 698 592 dicit
709 521 884 590 Psalmista:
907 526 1017 603 „Misit
1028 513 1224 614 tenebraret

91 632 297 696 obscuravit.“
331 659 333 672 ¹
360 631 421 691 Sed
440 632 507 712 ipsc
528 630 683 690 fecithoc
704 621 884 703 humiliter,
905 627 1089 688 minorando
1111 625 1142 686 'et
1162 629 1224 687 hu-

91 733 241 794 miliando
261 753 312 806 se,
333 740 369 791 ut
388 743 479 811 quest
500 729 604 790 dicere
622 750 693 789 cum
707 729 882 791 Psalmista:
905 727 1063 804 „Domine
1070 765 1081 795 ,
1101 746 1166 786 non
1178 734 1224 785 ert

92 834 259 894 exaltatum
283 851 338 893 cor
358 849 477 902 mcum,
498 849 600 909 nequo
620 828 693 888 eluti
713 827 890 888 suntoculi
912 827 1003 886 mei.“
1043 825 1142 906 Igitur
1158 827 1224 884 Do-

92 932 192 992 minus
213 933 303 991 Deus
318 929 427 990 videns
451 927 659 988 humilitatem
686 947 789 1000 suam,
831 927 906 986 olim
929 925 1013 986 dabit
1033 925 1062 985 ci
1082 925 1234 1004 gratiam„

56 1111 59 1120 y
92 1015 171 1118 duod
192 1032 422 1112 facietmcgua
443 1048 557 1110 opera,
593 1037 624 1090 et
644 1028 737 1088 etium
757 1026 928 1087 intitulabit
957 1045 995 1085 ea
1013 1045 1085 1087 cum
1105 1024 1224 1108 magnis

92 1132 199 1193 titulis.
262 1129 355 1192 Unde
380 1128 453 1191 Job:
494 1129 555 1202 „Et
580 1148 704 1192 rursum
726 1136 795 1209 post
822 1125 963 1210 tenebras
983 1146 1073 1206 spero
1092 1115 1224 1184 lucem.“

91 1233 160 1292 Non
190 1227 413 1310 intelligendo,
454 1228 537 1305 quod
564 1227 646 1288 istud
675 1225 849 1308 Epistolare
883 1225 1053 1285 amicorum
1081 1223 1228 1305 Magistri

93 1329 221 1390 Ortuini
250 1348 315 1388 non
343 1338 388 1388 est
413 1327 615 1387 artificialiter
642 1325 859 1406 compositum:
900 1325 974 1406 quia
1003 1324 1097 1385 amici
1116 1327 1224 1385 Joann.

91 1429 250 1490 Reuchlin
276 1427 312 1486 in
333 1424 400 1487 vita
427 1447 482 1488 sua
511 1447 672 1506 nunquam
703 1434 924 1506 componerent
941 1425 1070 1498 melius,
1104 1422 1224 1483 etiamsi

91 1530 241 1598 deberent
260 1525 390 1608 perdere
410 1525 510 1605 capitu
530 1546 593 1586 auu
635 1526 697 1586 Sed
715 1535 879 1607 propterea
901 1523 986 1598 dixi,
1020 1521 1094 1601 quia
1122 1521 1224 1582 adhuc

90 1639 194 1688 tamen
216 1625 437 1686 excellentiora
458 1625 573 1685 habent
592 1635 663 1706 post
682 1646 723 1686 ce.
787 1626 844 1698 Et,
866 1624 993 1684 favente
1014 1623 1099 1696 Deo,
1120 1641 1222 1702 spero,

90 1726 178 1806 quod
197 1725 368 1786 videbimur
390 1723 551 1805 magnalia.
591 1725 676 1802 Quia
696 1722 843 1804 Magister
862 1722 1015 1783 Ortuinus
1043 1741 1108 1782 non
1136 1729 1224 1782 curat
1336 1728 1339 1733 ’

92 1825 134 1884 de
154 1823 309 1904 pomposis
329 1823 445 1899 titulis,
469 1833 500 1882 et
520 1843 592 1903 ergo
608 1825 652 1884 cic
672 1824 762 1886 dicit:
783 1823 938 1884 Dominus
950 1820 1141 1882 illuminatio
1154 1841 1224 1884 mea

92 1935 153 1996 eet,
179 1935 211 1982 et
229 1923 308 1982 salus
321 1943 408 1995 meu,
429 1941 520 2005 quem
541 1923 665 1984 timebo.
728 1923 812 2003 Quia
829 1924 901 1997 scit,
935 1923 1017 2003 quod
1039 1921 1223 1983 minorando

92 2042 144 2095 se,
163 2020 365 2101 majorabitur
385 2023 469 2082 olim.
510 2023 591 2083 Nam
613 2023 690 2083 dicit
710 2023 884 2104 Scriptura:
919 2021 1006 2099 „Qui
1018 2022 1140 2095 exultat,
1161 2021 1223 2081 hu-

92 2120 294 2182 miliabitur.“
344 2122 386 2182 Et
406 2122 519 2202 legitur
533 2121 726 2182 Eccesiastici
741 2141 790 2182 oo.
848 2123 923 2197 „Est
943 2130 1070 2201 propter
1091 2121 1223 2199 gloriam

92 2221 273 2292 minoratio,
295 2231 327 2282 et
349 2230 395 2281 est
415 2223 469 2301 qui
489 2223 526 2281 ab
548 2223 724 2284 hmnilitate
744 2221 862 2281 levabit
880 2222 1002 2300 caput.“
1041 2221 1224 2301 Haec-pro-

91 2318 246 2398 phetizata
272 2330 344 2381 sunt
370 2340 428 2401 per
454 2321 641 2402 Prophetam
667 2319 760 2381 Naim
780 2319 950 2378 dicentem:
984 2345 1010 2392 ·,‚
1020 2317 1059 2376 Et
1080 2317 1224 2378 inimicos

92 2418 158 2498 ejus
180 2430 404 2504 persequentur
425 2422 599 2481 tenebrae.“
640 2423 731 2480 Tmic
753 2437 810 2500 ego
832 2436 896 2477 uon
917 2416 1043 2492 volens,
1064 2416 1147 2496 quod
1166 2417 1223 2474 de-

90 2519 206 2578 berent
224 2517 296 2578 lieri
314 2518 451 2594 inimici,
472 2522 525 2582 vel
544 2520 628 2601 quod
648 2528 731 2580 un'us
753 2535 862 2576 eorum
883 2515 1009 2582 deberet
1030 2515 1109 2575 mihi
1122 2515 1222 2591 irasci,

90 2617 120 2676 si
143 2616 283 2680 dicerem
303 2625 352 2692 tu,
382 2619 434 2680 vel
454 2627 489 2680 tu
509 2615 652 2679 subtilior
673 2637 722 2692 es,
754 2613 898 2702 allegavit
917 2613 1082 2675 Horatium
1104 2614 1139 2674 iu
1158 2613 1241 2674 uno

92 2736 212 2797 parsu,
241 2716 295 2797 qui
315 2715 401 2778 dicit:
443 2725 475 2778 et
495 2717 597 2778 adhuc
616 2716 673 2777 aub
693 2715 796 2795 judice
817 2715 857 2776 lis
879 2724 932 2774 est.
974 2713 1117 2774 Scribens
1139 2715 1223 2776 enim

92 2815 226 2875 scribam
245 2817 326 2897 Mag.
348 2815 494 2892 Ortuino,
514 2817 597 2902 quod
617 2817 700 2878 dicat
720 2814 799 2874 mihi
811 2809 973 2875 rationem.
1004 2815 1046 2875 Et
1065 2833 1229 2895 ergo-parn

94 2913 167 2972 cutis
187 2912 286 2988 mihi,
309 2914 393 2994 qnod
413 2914 476 2975 ieci
496 2916 584 2977 robis
603 2914 786 2978 molestiam.
846 2914 887 2974 Et
905 2913 950 2974 sic
969 2932 1035 2974 non
1056 2914 1224 2976 contende-

94 3025 169 3074 runt
189 3013 339 3094 amplius,
378 3013 520 3096 quamvie
538 3019 621 3100 Mag.
641 3013 840 3079 Bemhsrdur
859 3013 989 3088 diceret,
1024 3012 1109 3090 quod
1129 3014 1228 3078 vellet

94 3113 251 3194 disputare
261 3113 302 3172 sd
320 3113 437 3194 ignem,
458 3118 542 3195 quod
561 3117 637 3179 haec
657 3125 702 3178 est
723 3114 830 3207 opinio
842 3124 952 3175 restra.
993 3111 1092 3193 Ergo,
1110 3113 1224 3172 Domi·
1318 3165 1322 3170 ,.

95 3233 133 3272 ue
154 3213 307 3284 Ortuine,
344 3234 419 3296 rogo
439 3235 496 3277 vos
516 3217 732 3284 amicabiliter,
769 3217 919 3302 quatenus
946 3210 1050 3272 velitis
1074 3211 1153 3270 mihi
1172 3233 1225 3270 re-

94 3313 261 3394 spondere,
283 3311 474 3393 quidtamen
495 3315 643 3377 habuistis
662 3317 706 3378 ita
725 3336 780 3377 vos
798 3309 986 3374 intitulando
1007 3309 1088 3368 illud
1108 3307 1224 3388 episto·
1283 3360 1286 3373 ,

94 3413 174 3474 lare:
216 3415 379 3492 Epistolae
398 3414 604 3476 obscurorum
619 3415 793 3479 Virorum?
833 3415 873 3476 Et
884 3411 927 3472 sic
940 3407 1067 3470 valeatis
1082 3427 1170 3483 sane,
1193 3418 1224 3470 et

95 3531 166 3573 curu
178 3511 308 3574 honore.
336 3515 454 3579 Datum
466 3516 501 3579 iu
520 3515 617 3580 (iuria
627 3517 776 3580 Romana.

358 3683 490 3742 Ioannou
513 3684 624 3762 Grapp·
639 3684 798 3764 Magistro
821 3678 962 3740 Ortuiuo.

177 3813 318 3874 Salutem
339 3816 522 3892 cordialem,
543 3838 615 3878 cum
636 3817 733 3878 multa
753 3813 918 3875 dilectione
939 3815 1025 3890 optut
1044 3825 1175 3888 semper,
1194 3822 1224 3872 et

94 3913 290 3974 commendat
317 3935 350 3974 se
376 3924 522 3998 tanquam
551 3917 702 3978 humilem
730 3915 912 3976 seriitorem
938 3909 1035 3970 frater
1069 3917 1100 3968 et
1133 3927 1225 3988 prae-

94 4022 202 4092 ceptor
220 4013 344 4074 dilecte.
391 4017 476 4094 Quia
494 4035 595 4102 nuper
615 4015 776 4098 scripsistis
793 4012 889 4088 mihi,
919 4007 1002 4090 qnod
1022 4005 1123 4068 debeo·
1136 4007 1225 4069 vobis

8 4143 10 4148 .
93 4112 190 4174 semel
217 4133 319 4174 unum
348 4111 501 4175 dictamen
526 4137 580 4175 seu
606 4117 788 4198 epistolam,
817 4113 870 4173 vel
899 4127 1024 4172 carmen
1060 4107 1225 4170 metricum

91 4207 253 4285 scribere,
271 4210 506 4294 ‚quod'potestis
519 4213 642 4288 videre,
662 4213 738 4296 quid
762 4211 857 4274 didici
877 4231 895 4270 a
914 4207 1003 4270 vobis
1019 4205 1174 4284 Coloniae
1194 4214 1226 4264 et

93 4307 303 4389 Daveutriae,
324 4311 360 4374 iu
380 4311 555 4394 despectum
575 4314 699 4380 loannis
718 4311 874 4397 Reuchliu
886 4303 1224 4375 ctReuchlinistarums
