2866 4724
103 293 111 304 ’
188 283 254 397 eoo
553 305 954 396 error-euna
1028 320 1033 340 ·
1093 311 1098 321 “

185 491 351 564 Doctores,
368 483 603 570 negligentiores
622 486 780 556 discentes.
843 487 942 564 Novi,
984 501 1061 570 quos
1079 489 1136 551 otii
1157 503 1315 572 pertaesos

185 609 250 650 non
272 586 470 668 poenituerit,
491 587 537 647 bis
556 587 608 648 rel
626 597 683 661 ter,
704 607 769 647 non
789 585 888 647 dicum
911 587 945 648 iu
966 589 1196 663 semestri,-sed
1208 591 1242 668 iu
1257 591 1316 650 asi-

184 707 227 748 no
248 681 365 767 legere3
388 697 419 744 et
438 685 491 747 ubi
510 685 623 746 lectrui
642 695 747 758 erant,
782 683 861 746 hora
880 685 1008 753 dimidia
1025 687 1146 768 elapsa,
1182 689 1240 750 vix
1261 711 1314 748 ca-

184 786 326 860 thedram
338 784 579 859 adscendebant,
601 782 689 843 finita
711 792 795 844 terra
814 783 943 844 horulae
964 777 1133 864 quadrante
1152 787 1316 862 disceden-

183 896 246 958 tes,
275 903 399 955 omnem
422 892 453 944 et
473 903 591 942 moram
613 891 644 944 et
662 881 892 942 festinationem
920 883 990 950 viae
1010 885 1234 966 longinquitate
1255 909 1314 968 pa-

184 983 286 1058 riter,
334 981 452 1080 pariter
487 990 518 1052 et
554 989 709 1045 senectute
745 979 807 1057 jam
844 980 906 1067 jam
946 983 1212 1068 appropinquante
1255 1005 1313 1044 ex-

184 1066 340 1154 curantes·
401 1101 472 1140 cum
505 1089 608 1139 tamen
641 1077 768 1159 praedia
798 1099 853 1139 sua
886 1075 1014 1159 singulis
1046 1082 1237 1176 septimanis,
1284 1085 1313 1142 si

183 1203 247 1240 non
279 1178 409 1260 singulis
450 1177 577 1252 diebus,
629 1167 743 1256 absque
777 1175 842 1236 ulla
879 1177 1018 1238 molestia
1057 1180 1180 1239 visitare
1220 1202 1313 1260 agro-

180 1285 314 1359 rumque
346 1279 447 1354 sulcos
477 1275 679 1356 perscrutari,
725 1276 898 1357 expendere
936 1287 966 1350 et
1001 1277 1195 1352 dinumerare
1235 1300 1309 1358 pos-

182 1361 274 1450 sent*
322 1375 408 1454 Quin
429 1395 500 1435 cum
521 1377 676 1455 legerent,
720 1374 898 1434 obscuritati
925 1375 968 1434 ila
993 1376 1169 1454 studebant,
1202 1379 1312 1443 utrix

183 1476 320 1551 decianus
341 1475 470 1554 quisque
491 1461 660 1552 (rarissime
681 1481 783 1538 autern
805 1474 941 1533 decimus
955 1473 1116 1550 intererat,
1136 1475 1193 1546 ιιιι
1206 1486 1312 1552 cente·

181 1575 278 1650 simus
297 1573 367 1632 illos
388 1573 521 1632 lecturos
550 1591 686 1650 unquam
713 1591 778 1645 esse
802 1593 859 1631 auo
842 1573 946 1657 urari
967 1573 1107 1653 poterat)
1137 1574 1212 1653 quid
1238 1576 1309 1635 vel-

181 1675 264 1746 lent,
286 1681 515 1777 ιιιιειιιιιιιιιιι.Ι
535 1669 630 1748 idque
650 1689 722 1730 eum
743 1666 777 1730 iu
797 1669 909 1744 finem,
929 1680 964 1730 ut
983 1671 1129 1764 privatim
1150 1692 1188 1742 eo
1208 1673 1309 1752 maju-

180 1773 210 1834 ri
230 1791 300 1832 eum
323 1770 428 1844 fructu
449 1770 559 1829 docere
580 1779 712 1849 possent
753 1769 829 1829 Noli
848 1779 949 1828 autern
966 1771 1023 1829 tibi
1042 1771 1235 1868 persuadere,
1256 1793 1310 1844 eos

180 1871 327 1953 privatius
354 1867 564 1946 diligentiores
591 1869 704 1946 luisse3
739 1867 796 1930 vix
822 1868 914 1927 tertio
944 1870 996 1928 vel
1016 1857 1123 1949 quarto
1145 1891 1310 1950 congressa

181 1970 345 2051 pecuniam
367 1966 637 2032 emendicaverunt
657 1966 759 2046 polius
783 1987 875 2046 quam
898 1960 1081 2048 exegerant,
1101 1968 1156 2028 ubi
1175 1968 1309 2046 schedu-

180 2071 212 2130 la
233 2068 354 2142 ibrihus
376 2067 466 2124 affixa
494 2063 710 2145 negligentiam
739 2067 878 2154 ipsorum
906 2087 969 2125 uon
996 2069 1156 2142 excusabat
1182 2070 1236 2129 sed
1254 2090 1310 2142 ao-

181 2167 320 2243 cusabat3
361 2177 392 2222 et
411 2164 438 2223 si
459 2165 527 2244 quis
549 2183 673 2238 eorum,
704 2165 842 2244 genti-uus¹
863 2165 1019 2240 ruinarum¹
1039 2167 1138 2240 Deus,
1173 2168 1309 2248 diligen-e

180 2278 243 2347 teus
263 2270 300 2324 se'
315 2263 349 2322 ιιι
370 2253 499 2344 legendo
522 2262 696 2337 exiriberet,
717 2263 808 2324 effata
828 2262 893 2344 ejus
912 2283 969 2342 pro
993 2265 1124 2340 oraculis
1145 2287 1184 2325 ex
1205 2267 1308 2346 Apol-

180 2352 665 2444 liuis1tripode'aciditishaberi
691 2362 854 2438 debebant:
890 2381 1012 2436 omnem
1039 2383 1141 2440 sacrae
1164 2366 1307 2444 Scriptu-

112 2525 115 2546 ,
179 2487 234 2528 rae
253 2461 464 2524 auctoritatem
485 2459 663 2520 labefactari
687 2461 876 2540 patiebatur,
912 2459 1004 2528 modo
1025 2459 1121 2541 ipsius
1142 2472 1173 2523 et
1193 2449 1308 2538 oleastri

178 2565 229 2626 sui
241 2559 422 2624 'Aristotelis
441 2559 605 2620 auctoritas
624 2559 761 2640 integra,¹
781 2570 861 2619 sarta
883 2573 913 2618 et
933 2569 1012 2618 tecta
1030 2551 1206 2634 servaretur
1213 2583 1222 2637 3
1253 2572 1308 2634 ut-

179 2673 252 2745 pote
272 2683 291 2720 a
312 2660 398 2739 cujus
417 2659 568 2718 sententia
588 2657 743 2724 uelatum
766 2678 901 2737 unguem
922 2657 1046 2737 quidem
1064 2660 1222 2734 secedere,
1250 2660 1307 2720 sed

179 2760 335 2840 usquead
356 2768 529 2830 extremum
558 2757 640 2816 ritae
669 2755 799 2816 halitum
824 2777 889 2827 eam
912 2757 1080 2832 defendere
1098 2759 1307 2840 jurameutum

178 2843 349 2940 juraverat,
382 2856 523 2935 ideoque,
545 2865 580 2914 ut
599 2853 665 2921 voti
680 2875 729 2914 -eo
757 2855 848 2930 eitius
867 2855 954 2932 ficret
974 2877 1115 2954 compos,
1149 2878 1234 2920 more
1254 2879 1308 2916 ca-

180 2977 258 3028 num
278 2955 468 3026 timidorum,
491 2955 604 3013 latratu
617 2953 711 3049 magis
731 2973 821 3034 quana
842 2975 946 3015 morsu
968 2955 1159 3021 adversarios
1178 2957 1309 3019 invade-

178 3059 239 3129 bat.¹
303 3054 389 3133 Quid
411 3053 522 3150 plural
563 3043 709 3146 gratulari
730 3053 787 3112 tibi
808 3055 910 3132 potius
931 3053 1037 3130 debes,
1072 3077 1163 3134 quam
1190 3056 1312 3122 contri-'

179 3155 278 3229 stari,
313 3153 478 3233 pristinum
492 3137 595 3211 huuc
621 3153 763 3211 Parnassi
792 3165 904 3215 statum
926 3163 1076 3232 mutatum
1097 3177 1163 3214 esse
1182 3154 1217 3215 iu
1237 3176 1306 3214 me-

177 3253 248 3316 1ιιιι.
311 3252 432 3311 Gratias
453 3251 604 3332 agendum
625 3260 670 3309 est
687 3247 762 3322 diis,
802 3251 884 3330 quod
898 3272 956 3349 pro
977 3253 1161 3332 benignitate
1182 3275 1237 3314 sua
1256 3275 1307 3312 se-

179 3355 309 3429 curitate
332 3350 462 3412 civitatis
481 3371 554 3423 suae
574 3349 790 3430 prospexerint
797 3373 806 3426 3
845 3363 875 3422 et
904 3354 1160 3431 compotationes,
1192 3352 1306 3432 jurgia,

178 3449 412 3536 provocationes
434 3459 464 3508 et
477 3449 587 3508 'duella
604 3441 823 3528 prohibuerint
830 3472 839 3526 ι
861 3470 933 3508 seue
954 3450 1046 3508 officii
1066 3451 1115 3510 sui
1133 3461 1235 3531 partes
1248 3452 1306 3512 vix

178 3553 245 3612 ullo
267 3550 357 3626 modo
379 3548 491 3607 melius
511 3549 637 3627 explere
655 3546 842 3626 potuissent,
864 3559 954 3628 quatu
977 3547 1036 3612 huc
1057 3545 1143 3622 ιιιιο,,ι
1161 3551 1244 3628 quud
1265 3551 1306 3608 de

178 3647 586 3727 incrementoReipublicae‚'
609 3647 691 3758 qpod
705 3647 868 3705 maximam
878 3639 999 3726 partem
1019 3647 1053 3705 ιιι
1072 3649 1308 3708 conservatione

178 3751 387 3816 membrorum
408 3745 532 3806 utilium
553 3741 704 3818 consistit,
719 3744 845 3812 solliciti
866 3746 1002 3806 fuerunt
1044 3745 1188 3806 Gaudere
1200 3747 1304 3819 debes,

178 3851 261 3960 quaed
283 3849 358 3908 tales
380 3845 436 3910 tibi
458 3845 639 3906 Doctores
628 3845 773 3913 anveuire
791 3844 929 3918 licuerit,
951 3844 1091 3924 quinon
1111 3864 1208 3904 vanae
1229 3865 1306 3932 per·

178 3948 341 4007 suasionis
349 3953 448 4004 oestro
469 3943 596 4024 perciti,
622 3962 680 4003 nee
700 3943 845 4021 propriae
864 3943 1031 4002 sententiae
1051 3953 1171 4002 tenaces
1190 3944 1304 4016 solum,

179 4046 261 4125 quod
285 4064 390 4115 uerum
411 4062 545 4120 vereque
565 4042 680 4102 bonum
702 4051 762 4114 est,
783 4051 970 4120 proponunt.
1012 4046 1085 4120 Age,
1107 4060 1303 4114 commorare

96 4141 101 4148 “
178 4137 356 4239 paulisper,
374 4128 539 4245 patientiae
559 4149 630 4213 tuae
648 4152 677 4197 te
698 4160 762 4207 nou
785 4140 961 4232 poenitebit.
1002 4136 1090 4214 Vale„

231 4268 234 4274 .
639 4251 847 4287 -W
