2866 4724
405 375 673 438 OBSCUR.
713 373 935 438 vru-OR.
1165 373 1229 440 303

103 531 184 592 illairl
205 552 263 612 pro
283 551 371 593 more
388 545 508 592 sanctae
528 532 652 613 linguae
666 491 820 611 significat
841 527 1080 621 multitudinem,
1102 544 1132 590 ot
1144 532 1229 611 qnod
1249 613 1260 630 ·

104 653 167 692 non
188 631 296 691 debeat
316 631 449 691 ommitti
464 631 554 690 fimeta
574 649 702 704 vaccae,
745 629 779 689 in
799 629 856 688 illo
877 630 960 702 loco,
1001 630 1056 690 ubi
1084 651 1227 690 cucumes

76 749 79 758 ’
104 731 217 790 debent
236 749 388 790 crescere:
430 751 501 790 nam
532 728 655 810 quando
679 727 793 787 habere
812 729 965 818 -volumps
987 728 1068 808 a'pud
1088 739 1228 808 tempora

105 849 259 910 cucumes,
280 837 355 888 tunc
375 824 647 986 opor'thtyalorui
663 825 771 888 fimum
792 827 1043 888 vaccaeaddere.
1082 827 1226 886 Profecto

104 947 159 1007 ego
180 927 293 986 suadeo
315 927 437 988 valdissi
497 972 506 1002 ,
528 936 564 987 ut
583 925 667 986 hunc
686 935 775 986 tuum
796 927 911 986 librum
934 926 1021 999 edas,
1046 917 1121 1000 tunc
1142 925 1226 985 enirn

104 1027 188 1106 apud
208 1026 330 1085 doctum
352 1027 501 1086 mundum
528 1044 671 1105 magnum
701 1023 850 1085 honorem
880 1024 1013 1096 habetis,
1055 1033 1086 1084 et
1104 1041 1227 1105 semper

102 1125 217 1199 honos,
239 1143 413 1202 nomenque
424 1135 518 1185 *tuum
524 1163 536 1197 ,
557 1125 725 1204 laudesque
746 1123 919 1184 manebunt.
961 1121 1050 1183 Vale.

186 1323 348 1400 Tympana
370 1321 559 1383 horrendum
575 1341 632 1404 per
651 1324 765 1404 plateas
777 1319 919 1381 Parnassi
930 1319 1121 1395 resonabant,
1141 1340 1225 1381 cam-

101 1440 253 1500 panarum
280 1421 424 1501 strepitus
454 1422 596 1481 omnibus
628 1433 659 1481 et
685 1421 814 1502 singulis
850 1421 1012 1480 horrorem
1046 1419 1224 1493 inbutiebat,

100 1519 291 1580 Bombardae
310 1509 440 1599 majores
461 1523 494 1581 in
513 1523 596 1581 vallo
627 1521 783 1602 ingentem
811 1521 965 1598 fragorem
988 1519 1132 1592 edebant,
1176 1527 1225 1577 to-

100 1628 212 1698 tusque
231 1619 395 1679 Parnassus
416 1621 454 1679 ad
474 1641 559 1680 arma
580 1622 743 1696 clamabat,
786 1619 945 1692 currebat,
978 1618 1225 1695 videbanturque

101 1718 164 1776 ima
183 1738 215 1776 se
243 1718 370 1778 miscere
389 1719 571 1798 profundis:
612 1720 719 1793 Plato,
753 1717 878 1778 barbam
904 1715 1045 1777 dentibus
1070 1717 1224 1788 mordens,

100 1819 192 1876 vultu
214 1837 276 1876 nou
299 1818 374 1876 adeo
395 1817 522 1890 blando,
569 1818 675 1898 lingua
703 1829 805 1877 tamen
829 1815 1010 1900 facundiore
1029 1817 1144 1896 primas
1165 1817 1245 1876 sibi·

99 1935 175 1996 prae
196 1917 361 1976 Aristotele
380 1916 500 1996 ingrato
521 1917 641 1977 cucullo
669 1918 798 1984 debere,
828 1915 1074 1989 vociferabatur,
1096 1927 1225 1976 conten-

101 2015 199 2075 debat.
251 2015 312 2074 Sed
332 2015 393 2074 buc
414 2015 534 2089 adesse,
570 2017 640 2096 plus
661 2037 753 2096 quarn
774 2022 927 2076 stentorea
946 2033 1023 2074 voce
1043 2015 1225 2076 audiebatur

99 2115 295 2188 Aristoteles,
310 2116 384 2194 'quis
404 2135 451 2172 me
472 2114 569 2192 major
590 2115 733 2174 exstitit?
775 2115 879 2175 Ovum
905 2113 1020 2192 gallina
1040 2115 1222 2193 sapientius:

98 2214 165 2274 En!
187 2213 315 2274 Politice
335 2233 418 2288 mea,
442 2235 498 2295 pro
519 2215 632 2286 lorica,
663 2233 772 2292 nragua
794 2212 923 2271 moralia
944 2229 1002 2291 pro
1023 2223 1124 2284 scuto,
1159 2212 1223 2271 Or-

99 2331 200 2391 ganon
221 2331 279 2392 pro
300 2311 460 2373 machaera
479 2312 623 2392 ancipiti!
665 2311 763 2370 nolite
784 2312 909 2384 cedere,
941 2309 1035 2369 fortes
1056 2328 1111 2370 vos
1131 2327 1223 2389 praee

97 2413 182 2472 bete:
203 2411 276 2471 Non
297 2412 400 2472 minor
420 2413 502 2472 enim
533 2424 577 2471 est
604 2409 722 2482 virtus,
765 2431 856 2488 quarn
886 2409 1002 2468 discere
1022 2407 1110 2468 docta
1130 2409 1222 2497 tueri.

98 2511 175 2570 Cato
196 2520 285 2572 torvo
307 2511 398 2596 vultu
421 2531 478 2592 per
497 2512 611 2592 plateas
631 2509 926 2581 circumcuraitabat,
953 2525 1055 2588 pugno
1076 2527 1134 2588 pro
1155 2509 1222 2586 gla*
1313 2594 1318 2598 .

97 2611 151 2672 dio
171 2621 299 2687 usurus3
336 2629 441 2669 omnes
461 2620 589 2690 pereant
610 2610 648 2670 ad
668 2629 787 2682 unum,
820 2609 938 2667 nemini
957 2618 1119 2688 parcatur,
1155 2608 1221 2667 sive

97 2710 214 2769 amicus
234 2709 300 2770 sive
318 2709 463 2770 inimicus
484 2710 539 2782 sit,
561 2709 690 2769 ruiebat.
730 2689 815 2768 Zeno
836 2729 912 2769 vero
925 2700 971 2768 'ad
991 2704 1138 2788 angulum
1154 2708 1222 2788 pla*

96 2820 164 2870 teas
185 2809 290 2868 fronte
310 2829 417 2869 serene
437 2808 674 2889 perplacidaque
700 2808 883 2881 consistens,
925 2817 956 2867 et
983 2808 1017 2866 in
1045 2807 1116 2865 sinu
1142 2819 1221 2886 gau·-

96 2910 190 2984 dens,
211 2909 274 2968 suis
292 2929 325 2968 se
345 2908 453 2988 gladiis
469 2911 638 2988 perimens,
670 2907 752 2968 intra
772 2929 805 2972 ae
825 2908 926 2988 ipsum
947 2905 1074 2966 dicebat.
1133 2906 1222 2964 licli-

96 3008 151 3087 qui
174 3027 296 3076 omnes,
325 3028 385 3088 quo
405 3009 631 3080 revertebant,
652 3007 839 3080 nesciebant,
875 3007 949 3066 dum
970 3006 1083 3086 Apollo
1103 3006 1220 3064 medios

94 3106 179 3166 inter
209 3117 400 3186 praesentem
429 3127 462 3166 se
489 3106 579 3178 stitit,
622 3115 653 3165 et
680 3127 760 3186 quae
784 3107 912 3166 istarum
940 3108 1098 3166 turbarum
1120 3111 1243 3175 causa,'

95 3226 176 3285 quae
195 3206 322 3279 occasio,
344 3205 505 3285 quaesivit·
533 3201 604 3264 «Oui
625 3223 694 3264 cum
717 3205 771 3264 diu
792 3205 983 3284 multumque
995 3203 1115 3284 roganti
1132 3205 1218 3263 Zeno

94 3305 316 3386 respondisset,
353 3305 496 3364 obscuros
521 3303 666 3383 quosdam
689 3305 773 3365 viros
792 3305 974 3365 Parnassum
996 3304 1079 3363 forte
1098 3302 1220 3379 ingres·
1295 3305 1300 3320 '

94 3425 143 3464 sos
179 3425 216 3462 eo
250 3402 393 3464 audaciae
417 3405 611 3484 pervenisse,
644 3415 680 3462 ut
709 3404 791 3463 fores
815 3407 989 3485 primorum
1016 3401 1218 3482 pulsaverint,

94 3501 210 3582 eosque
231 3503 302 3562 satis
322 3503 541 3562 contumeliose
563 3501 715 3579 exagitare
730 3503 981 3582 praesumserint:
1019 3507 1144 3579 ¹Apage,
1166 3497 1219 3555 in-

63 3609 68 3616 “
93 3603 182 3682 quit,
216 3600 362 3682 ineptias!
397 3621 490 3682 apage
511 3600 645 3682 pucriles
667 3602 831 3675 tumultus,
869 3613 898 3660 et
917 3601 955 3660 ad
972 3599 1217 3660 Lacedaemones

92 3709 151 3762 vos
170 3701 327 3761 conserte!
367 3701 412 3761 Hi
438 3700 600 3780 quotannis
623 3699 696 3758 filiis
718 3701 780 3758 suis
800 3719 903 3760 servos
923 3700 1000 3759 bene
1021 3706 1108 3778 potos
1128 3695 1217 3754 siste·

91 3800 183 3874 bant,
220 3811 255 3860 ut
282 3821 333 3860 eos
361 3799 515 3859 intuentes
547 3799 724 3858 ebrietatem
745 3799 916 3878 ejurarent:
956 3819 1012 3858 vos
1032 3819 1050 3856 a
1070 3795 1146 3856 viris
1167 3793 1216 3853 liis

91 3899 231 3959 obscuris
252 3900 359 3960 discite
379 3899 530 3959 abstinere
552 3898 589 3956 ab
610 3897 689 3971 illis,
718 3917 795 3974 quac
815 3898 919 3957 doctos
934 3896 1097 3970 dedecent3
1124 3902 1156 3954 et
1175 3913 1217 3956 ue
1300 3877 1303 3892 ”

90 3997 192 4078 majus
211 3999 300 4060 vobis
323 4001 438 4059 malum
460 3997 615 4070 aceieatis,
636 4006 757 4076 agentes
776 3998 886 4076 gratias
908 3997 955 4069 ei,
979 3995 1033 4075 qui
1052 3993 1138 4054 viros
1158 3993 1215 4078 hos

90 4099 238 4158 obscmos
258 4099 379 4172 denuo,
399 4099 473 4158 dum
495 4096 656 4155 necessitas
675 4094 844 4172 flagitabat,
865 4096 901 4157 in
920 4095 1102 4156 Parnassum
1115 4093 1216 4152 intro-

88 4197 248 4260 ducendos
267 4198 405 4274 curavit,
424 4195 588 4279 quiescite,
608 4197 720 4256 tacete!

547 4307 754 4326 m
