2872 4722
195 336 256 401 too
488 307 492 313 ’
559 277 958 398 nersronnn

191 494 261 558 stiei
280 493 316 554 in
334 513 443 574 cumpo
465 502 497 550 et
521 491 557 550 in
580 489 716 565 stabulo,
749 501 780 552 et
805 491 881 579 alibi
907 488 1135 574 supposuerunt
1161 509 1240 553 eom.
1281 493 1325 554 Et

191 615 248 674 ege
268 593 366 655 habui
392 592 437 651 ita
465 611 605 671 magnam
632 591 869 667 verecundiam,
903 592 987 672 qnod
1006 611 1071 652 non
1092 590 1233 652 creditis:
1268 593 1324 654 sed

189 711 256 753 non
276 711 401 772 possum
423 709 478 750 vos
497 687 681 763 defendere,
717 690 875 770 quianon
896 678 979 752 vidi'
991 703 1111 772 patrem
1131 701 1325 752 vestrumet

190 801 336 853 matrem:
371 791 511 870 quamvis
541 790 633 849 credo
660 788 808 866 firmiter,
847 789 931 871 quod
956 799 1029 851 sunt
1053 789 1175 856 honesti
1196 801 1226 852 et
1247 813 1324 873 pro-

190 891 234 953 bi.
276 889 337 949 Sed
356 889 495 950 scribatis
524 889 602 948 mihi
624 891 777 970 quomodo
800 903 860 964 est,
899 900 974 952 tnnc
1005 909 1060 970 ego
1080 892 1153 953 volo
1168 891 1324 952 seminare

189 999 322 1054 vestram
340 988 464 1049 laudem
485 989 545 1049 hic.
599 963 710 1058 Etiam
732 990 799 1050 dixi
827 989 902 1049 sibi:
933 1010 989 1051 vos
1014 1010 1078 1050 non
1105 990 1221 1052 debetis
1248 992 1323 1052 talin

189 1089 310 1162 dicere,
331 1089 404 1168 quia
423 1109 575 1169 ponamus
596 1109 714 1164 cesum,
738 1089 822 1170 quod
841 1089 990 1170 Magister
1010 1089 1164 1150 Ortuinus
1185 1091 1225 1150 sit
1247 1113 1322 1172 spu-

188 1189 273 1263 rius,
303 1199 406 1249 tamen
440 1189 578 1249 fortassis
606 1200 651 1248 est
679 1189 882 1270 legitimatus,
927 1200 1003 1248 tunc
1031 1208 1096 1250 non
1125 1191 1321 1272 estamplius
1430 1251 1431 1258 ,

187 1289 321 1371 spurius,
343 1287 415 1369 quis
435 1309 571 1349 summus
582 1287 731 1350 Pontifex
741 1288 834 1350 hebet
848 1299 1039 1367 potestatem,
1059 1307 1157 1348 unum
1177 1289 1321 1371 spurium

188 1391 295 1454 facere
313 1387 501 1469 legitimum,
524 1399 587 1446 ete
608 1400 725 1448 contra.
767 1388 830 1449 Sed
847 1407 903 1468 ego
922 1387 995 1448 volo
1015 1387 1149 1468 probare
1163 1409 1202 1450 ex
1213 1391 1321 1452 Evan-

188 1489 285 1568 gelio,
307 1488 391 1570 quod
410 1487 479 1548 estis
500 1487 610 1568 dignus
630 1488 818 1568 vituperare.
883 1485 966 1565 Quis
985 1487 1133 1566 scriptum
1154 1500 1216 1564 est,
1259 1509 1320 1571 qna

189 1607 334 1649 mensura
359 1586 627 1672 mensuraveritis,
650 1589 756 1649 endem
777 1585 1003 1646 mensurabitur
1024 1597 1056 1644 et
1075 1588 1184 1648 vobis:
1196 1588 1252 1650 sed
1263 1609 1320 1650 vos

189 1687 372 1750 mensuratis
395 1707 539 1746 mensura
558 1686 815 1767 vituperationis,
854 1704 928 1767 ergo
947 1683 1038 1744 etiam
1057 1684 1102 1744 sic
1120 1687 1211 1748 debet
1230 1708 1319 1749 men-

189 1787 292 1852 surari
311 1787 408 1850 vobis.
442 1786 545 1845 Etiam
566 1789 666 1867 probo
695 1807 753 1868 per
782 1785 884 1846 eliud:
925 1783 999 1865 quia
1027 1784 1142 1850 dicitur
1162 1809 1180 1848 a
1199 1790 1238 1850 D.
1259 1807 1319 1849 no-

188 1903 253 1951 stro
273 1892 345 1951 lesu
365 1885 503 1949 Christo:
540 1887 647 1947 Nolite
667 1887 824 1967 judicare,
844 1905 885 1945 ne
904 1881 1100 1964 judicemini:
1122 1888 1176 1948 sed
1196 1907 1252 1949 vos
1267 1887 1319 1968 ju-

190 1989 297 2050 dicatis
316 1987 410 2061 alios,
441 1998 473 2045 et
492 1985 676 2067 vituperatis
694 2007 762 2047 eos:
796 2003 868 2067 ergo
889 1983 981 2044 etiam
1000 1984 1116 2045 debetis
1134 1987 1267 2066 judicari
1288 1996 1320 2046 et

189 2087 372 2170 vituperari.
413 2089 504 2148 Tunc
523 2086 589 2166 ipse
609 2087 703 2161 dixit,
724 2086 807 2166 quod
827 2105 895 2145 mea
913 2096 1093 2165 argumenta
1110 2099 1185 2147 sunt
1202 2087 1320 2148 ἕνεκα·

189 2189 255 2263 ria,
275 2198 305 2246 et
324 2201 389 2246 non
409 2183 524 2246 habent
545 2185 703 2247 effectum:
726 2193 775 2244 'et
794 2185 856 2245 fuit
875 2185 919 2244 its
939 2197 1125 2260 contumax,
1164 2185 1249 2266 quod
1268 2185 1320 2245 di·-

189 2290 251 2349 xit:
274 2286 400 2347 Etiamsi
420 2287 504 2365 Papa
524 2285 646 2346 fecisset
663 2305 762 2346 unum
782 2284 883 2345 filium
902 2297 991 2346 extre
1012 2285 1256 2358 matrimonium,
1284 2294 1319 2342 et

189 2399 296 2471 postes
315 2385 499 2464 legitimaret
520 2405 609 2459 eum,
645 2385 729 2466 qnod
752 2397 853 2444 tamen
874 2404 977 2445 coram
996 2386 1065 2446 Deo
1087 2405 1151 2446 non
1172 2395 1250 2444 esset
1268 2383 1318 2442 le-

189 2487 330 2568 gitimus,
360 2486 415 2545 sed
428 2484 509 2566 ,ipse
530 2485 627 2546 vellet
655 2505 727 2545 eum
747 2497 854 2545 tenere
872 2494 932 2564 pro
952 2485 1067 2566 spurio.
1128 2485 1195 2564 Ego
1213 2482 1318 2556 credo,

190 2585 275 2667 quod
300 2583 440 2645 diabolus
469 2595 515 2644 est
543 2583 578 2644 in
603 2583 669 2643 istis
697 2583 854 2660 Ribnldis,
889 2584 974 2664 qnod
992 2585 1035 2645 its
1054 2584 1231 2664 vituperent
1250 2583 1319 2642 rios.

115 2687 117 2690 ’
191 2688 391 2765 Quapropter
408 2683 545 2744 scribetis
566 2682 659 2756 mihi,
688 2681 771 2762 qnod
791 2703 914 2763 possum
932 2696 1071 2745 vestrum
1092 2683 1240 2743 honorem
1259 2680 1319 2761 de-

137 2765 142 2773 ι
190 2785 337 2846 fondere:
375 2782 449 2863 quia
470 2793 548 2842 esset
567 2780 762 2854 scandalum,
800 2781 884 2861 quod
902 2783 1022 2843 Doctor
1042 2779 1202 2843 Reuchli!
1223 2779 1318 2839 sciret

191 2884 230 2942 de
249 2882 353 2955 robis,
375 2880 458 2960 quod
479 2880 581 2939 essetis
601 2879 739 2960 spurius:
759 2880 813 2940 sed
834 2881 906 2940 dato
926 2881 1011 2962 qnod
1029 2881 1114 2942 sitis:
1139 2891 1240 2940 temen
1260 2878 1318 2938 ille

190 3001 255 3043 non
275 2991 376 3062 potest
394 2978 580 3039 sufficienter
598 2979 745 3060 probare,
767 2991 799 3038 et
818 2980 845 3038 si
863 2980 988 3042 videtur
1006 2981 1093 3043 vobis
1114 2981 1319 3052 bonume-

190 3083 292 3142 lumus
312 3099 391 3147 eum,
404 3077 498 3137 citare
517 3079 557 3139 ad
575 3079 701 3138 Curiam
720 3080 906 3153 Romanam,
929 3091 959 3139 et
979 3099 1102 3160 cogere,
1123 3077 1208 3157 quod
1226 3077 1317 3138 debet

190 3183 294 3242 facere
313 3178 559 3239 revocationem:
584 3177 664 3240 deut
683 3179 784 3241 sciunt
802 3179 933 3241 luristse
953 3180 1136 3240 concludere
1157 3189 1189 3238 et
1207 3197 1318 3258 possu-

189 3297 259 3340 mus
281 3299 352 3339 eum
371 3265 475 3338 facero
500 3278 720 3358 irregularem:
762 3292 793 3340 et
823 3299 879 3359 per
897 3280 1134 3339 Procuratorem
1155 3295 1316 3358 possumus

190 3378 340 3441 tribulare
360 3398 445 3454 enm,
476 3390 508 3436 et
525 3378 663 3460 accipere
682 3378 747 3458 ejus
768 3376 935 3452 beneficia,
962 3377 989 3437 si
1010 3377 1176 3438 incurrerit
1196 3377 1317 3457 irregu-

130 3544 136 3550 ,
189 3479 360 3552 lenitatem,
402 3475 585 3557 quinhabet
605 3499 702 3539 unum
724 3479 944 3540 canonicatum
971 3475 1023 3538 hic
1043 3477 1242 3558 Mogontiae,
1284 3487 1317 3534 et

189 3597 284 3640 unum
303 3577 502 3636 Pcrrochiem
522 3576 610 3637 alibi:
651 3590 682 3638 et
699 3598 764 3638 non
783 3575 920 3638 habeatis
940 3574 1018 3635 milri
1040 3595 1098 3656 pro
1118 3556 1209 3648 melo,
1230 3573 1316 3654 quod

189 3677 320 3738 scribam
340 3675 524 3757 vobisquid
553 3675 673 3753 audivi,
711 3675 783 3755 quie
810 3686 888 3756 puto
908 3675 1034 3756 optime.
1092 3677 1133 3736 Et
1158 3675 1258 3754 valete
1281 3673 1316 3732 in

104 3852 108 3870 Ι
142 3855 148 3878 Ι
188 3768 328 3838 Domino
349 3776 436 3852 Dec,
471 3775 526 3857 qui
546 3775 698 3838 custodiat
718 3794 822 3840 omnes
835 3774 907 3850 riu
927 3787 1052 3838 vestros.
1106 3775 1223 3836 Datum
1242 3774 1316 3834 Mo-

189 3876 323 3962 guntiae.
878 3885 881 3898 ’

337 4041 402 4112 M.
415 4045 547 4104 domines
569 4047 670 4124 Hipp.
690 4044 720 4104 S.
741 4044 784 4103 D.
800 4045 848 4104 M.
869 4042 1003 4102 Ortuino
1030 4043 1151 4102 Gratia.

271 4179 443 4241 Loetsmini
463 4179 497 4242 in
517 4181 669 4256 Domino,
691 4192 723 4240 et
744 4151 983 4260 exultate-iusti,
1004 4191 1034 4240 et
1054 4174 1232 4258 gloriemini
1246 4194 1322 4236 orn-

190 4299 245 4340 nes
265 4279 344 4350 reeti
366 4278 476 4356 corde,
496 4281 547 4342 Ps.
563 4275 612 4341 31.
652 4280 722 4342 Sed.
734 4301 774 4342 ne
795 4279 930 4342 habentis
951 4280 1135 4349 molestiam,
1167 4274 1321 4336 dicentes:
