2896 4716
212 325 278 396 sm
579 269 981 396 caterodse

213 463 449 566 de’Hogstrste,
494 482 652 546 Aruoldus
673 481 712 544 dc
733 483 887 566 Tangeris
909 494 939 544 et
959 484 1094 556 similes,
1131 478 1204 566 quia
1217 481 1352 544 falsitate

212 596 243 648 et
273 585 435 647 fraudibus
466 583 531 644 fuis
558 583 713 646 violenter
747 596 778 643 et
810 584 957 644 ferociter
987 581 1140 644 invadunt
1165 583 1351 644 innocentes

213 706 306 760 oves,
343 685 448 764 quales
475 694 547 743 sunt
577 693 607 742 et
640 684 771 746 fuerunt
800 684 911 744 Petrus
942 684 1108 756 Ravenna,
1152 693 1183 744 et
1214 685 1350 743 loannes

210 785 387 857 Reuehlin,
409 783 548 843 volentes
573 803 624 844 eos
651 783 808 842 declarare
828 781 1008 854 haereticos,
1027 792 1155 863 propter
1175 782 1349 844 doctrinam

212 899 242 949 et
261 886 384 948 laudem
406 903 516 955 suam,
540 882 592 942 cni
611 881 671 962 ipsi
693 882 845 943 invident.
886 883 926 941 Et
945 882 1019 962 quin
1036 881 1160 956 vident,
1183 881 1268 961 quod
1289 881 1349 962 ipsi

186 1013 189 1022 “
210 1009 275 1048 uon
296 993 424 1065 possunt
442 982 517 1041 talis
540 982 676 1054 efficere,
696 982 800 1061 qualia
819 981 871 1042 isti
894 981 1063 1044 doctissimi
1083 981 1162 1054 viri,
1184 1000 1257 1061 ergo
1280 981 1350 1043 vel-

210 1089 276 1148 lent
296 1085 430 1145 libenter
450 1081 582 1160 perdere
602 1101 662 1141 cos.
724 1083 784 1142 Hic
813 1093 885 1145 sunt
906 1083 1001 1165 igitur
1029 1081 1098 1161 lupi
1117 1101 1257 1161 rspeces,
1292 1081 1349 1160 qui

210 1181 523 1248 insidianturfamee
546 1201 581 1240 ac
602 1183 689 1243 vitae·
705 1182 915 1242 innocentum.
956 1183 997 1242 Et
1016 1180 1061 1240 sie
1081 1200 1138 1261 per
1156 1190 1274 1259 septem
1284 1180 1348 1259 jam

211 1306 308 1346 annos
331 1290 503 1360 rapuerunt
524 1289 555 1340 et
575 1289 783 1342 tractaverunt
802 1280 878 1342 hinc
897 1281 972 1340 inde
994 1281 1142 1340 miserum
1164 1300 1270 1340 senem
1293 1283 1348 1340 Jo-

210 1403 324 1446 annem
345 1380 510 1441 Reuehlin.
552 1381 592 1439 Et
612 1382 672 1440 nisi
695 1382 890 1461 omnipotens
908 1383 994 1440 Deus
1014 1379 1172 1438 evertisset
1185 1380 1265 1439 illud
1278 1401 1347 1440 ma-

209 1487 294 1558 lnm,
317 1484 444 1542 omnino
468 1479 665 1540 devorassent
685 1503 765 1540 erim.
826 1482 867 1540 Et
886 1501 950 1540 non
972 1490 1073 1559 potest
1093 1479 1226 1558 exponi,
1263 1480 1347 1559 qnod

209 1582 371 1646 Reuehlin
398 1579 437 1639 sit
465 1578 520 1635 ille
546 1579 639 1658 lupus
670 1602 774 1662 rapax.
838 1581 920 1659 Quia
942 1579 1062 1644 in'tote
1081 1599 1138 1638 sua
1159 1579 1223 1638 vita
1243 1580 1346 1660 nemi-

144 1752 148 1758 ,
209 1706 282 1748 nem
304 1679 426 1759 rapuit,
461 1677 579 1750 idest,
615 1682 772 1742 neminem
794 1681 874 1741 falso
896 1678 1065 1752 accusavit,
1093 1677 1146 1737 vel
1166 1689 1273 1738 contra
1292 1676 1346 1738 vi-

208 1798 272 1844 tam
295 1783 348 1843 vel
368 1776 483 1835 famam
506 1775 589 1854 ejus,
625 1780 676 1839 rel
696 1780 816 1860 scriptis
836 1779 905 1860 egit.
968 1778 1029 1838 Sed
1052 1777 1231 1851 attendatis,
1268 1777 1345 1857 quid

208 1892 319 1945 sonant
339 1878 498 1958 sequentia
518 1879 629 1938 verba:
651 1879 814 1950 „introivit
834 1879 868 1938 iu
890 1877 973 1940 ovile
995 1879 1162 1938 vestrum.“
1184 1877 1269 1954 Quia
1288 1876 1345 1935 ille

207 1985 308 2045 bonus
330 1977 485 2039 Reuehlin
506 1997 664 2056 nunqnam
694 1978 822 2039 intravit
850 1979 988 2040 studium
1016 1977 1210 2036 coloniense.
1273 1977 1342 2035 lmo

209 2079 370 2158 nunqnam
393 2077 501 2138 habuit
522 2097 626 2135 curam
649 2076 687 2134 ‹le
709 2079 876 2159 Theologis
901 2077 1136 2139 Coloniensibus
1156 2076 1208 2136 vel
1228 2075 1345 2136 Ecclc-
1440 2121 1441 2142 ἶ

188 2184 253 2264 vsia
268 2176 456 2242 Coloniensi.
499 2176 559 2236 Sed
581 2175 688 2236 habuit
709 2199 799 2257 agere
820 2177 944 2258 majoris
965 2175 1114 2238 utilitatis·
1169 2175 1253 2256 Ergo
1277 2175 1344 2255 ipse
1440 2163 1441 2190 ³

208 2303 272 2342 non
294 2288 394 2360 potest
410 2276 477 2335 dici
498 2297 579 2335 unus
601 2298 640 2338 ex
661 2263 722 2336 illis
743 2277 826 2357 lupis
849 2277 1027 2358 rapacibus,
1052 2276 1089 2337 de
1110 2273 1221 2354 quibus
1242 2273 1343 2335 Lich-

209 2383 373 2457 tenberger
394 2375 504 2443 sentit,
537 2376 590 2454 qui
615 2375 705 2435 debet
726 2397 790 2436 esse
812 2399 851 2436 ex
874 2377 952 2439 ovili
973 2374 1160 2436 Coloniensi.
1225 2374 1344 2434 Conse·

208 2490 349 2563 quenter.
373 2475 474 2550 „Nam
497 2475 688 2556 temporibus
709 2477 817 2536 vestris
833 2488 997 2556 exsurgent
1017 2497 1100 2537 nova
1121 2485 1151 2534 et
1169 2474 1343 2546 inaudita,“

208 2601 288 2663 quae
312 2597 413 2656 neque
434 2574 542 2633 oculus
561 2575 655 2648 vidit,
688 2595 789 2655 neque
815 2579 898 2636 auris
926 2575 1064 2662 audivit,
1110 2594 1211 2652 neque
1232 2574 1267 2633 in
1289 2594 1343 2633 cor

207 2679 345 2742 hominis
372 2674 544 2748 descendit,
574 2675 656 2753 qnod
684 2674 727 2733 ita
757 2676 863 2734 doctus
893 2686 925 2734 et
950 2677 1066 2756 probus
1094 2673 1161 2747 vir,
1195 2674 1250 2753 qui
1278 2684 1341 2734 taur

141 2780 147 2800 '
208 2778 315 2840 multis
337 2774 472 2856 profuit,
494 2783 524 2831 et
546 2773 667 2831 nemini
686 2795 822 2854 unquam
844 2775 968 2840 nocuit,
989 2775 1024 2834 in
1045 2793 1165 2834 summa
1184 2783 1341 2832 senectute
1439 2851 1440 2854 Ἴ

208 2901 263 2939 sun
284 2877 374 2935 debet
403 2875 447 2933 ita
474 2871 642 2932 crudeliter
672 2883 701 2932 et
724 2873 842 2952 perfide
862 2874 988 2946 vexari,
1023 2886 1054 2932 ct
1076 2872 1272 2946 conturbari,
1310 2881 1342 2930 et
1439 2871 1440 2894 ;

201 2973 453 3058 'persecutionem
468 2972 542 3050 pati.
564 2971 603 3030 Et
612 2975 846 3052 ergoseqnitur:
866 2973 1230 3048 „inEcelesiisvestris;“
1253 2974 1341 3049 Qua-

207 3084 336 3157 propter
358 3093 420 3130 non
443 3081 542 3151 potest
565 3071 603 3132 de
623 3073 778 3132 Reuehlin
800 3073 943 3152 allegari,
976 3074 1049 3153 quia
1068 3074 1135 3153 ipse
1156 3069 1341 3150 benignissi-

195 3165 261 3234 ‘nse'
275 3171 362 3252 ,vivit
382 3183 470 3232 extra
490 3170 650 3230 ecclesiam
678 3172 915 3244 Coloniensern,
959 3173 1077 3232 scilicet
1095 3172 1129 3232 in
1151 3169 1341 3250 Episcopatu

207 3269 445 3335 constantiensi.
485 3271 526 3330 Et
546 3270 591 3330 sic
610 3252 718 3352 spero,
739 3272 823 3350 quod
843 3271 971 3332 venient
992 3293 1097 3344 cenes,
1123 3270 1157 3330 id
1178 3276 1240 3343 est,
1263 3269 1341 3326 fide-

141 3415 146 3434 .
205 3376 250 3433 les
271 3371 410 3431 custodes
433 3371 558 3442 ovium,
581 3370 723 3449 quisine
745 3371 865 3432 invidia
887 3383 918 3429 et
940 3370 1156 3432 malevolentia
1177 3368 1341 3430 humiliter

198 3483 238 3534 ‚et
258 3472 391 3532 fideliter
412 3479 536 3549 pascent
558 3489 630 3529 oves
646 3469 778 3544 Christi,
813 3470 922 3544 idest,
949 3472 1100 3551 populum
1115 3469 1339 3539 Christianum,

93 3571 99 3595 ‘
205 3585 237 3634 ct
259 3571 470 3632 dilacerabnnt
490 3570 559 3628 illos
577 3571 684 3650 lupos,
706 3570 759 3647 qui
782 3581 981 3630 vastaverunt
999 3572 1082 3630 ovile
1102 3571 1162 3630 Dei
1170 3592 1179 3646 3
1210 3580 1241 3628 et
1263 3589 1341 3647 pur-

206 3673 322 3754 gabunt
344 3670 509 3728 Ecclesiam
532 3671 611 3741 Dei,
648 3669 761 3743 idest,
806 3668 930 3746 ejicient
950 3671 1020 3729 illos
1039 3668 1178 3730 sordidos
1199 3678 1230 3728 et
1251 3668 1342 3726 fecu-

128 3825 131 3838 ,
204 3774 306 3832 lentos
319 3769 507 3851 Theologos,
527 3778 529 3782 '
549 3769 604 3849 qui
625 3769 706 3828 nihil
726 3769 849 3842 sciunt,
896 3779 926 3830 et
951 3769 1056 3828 omnia
1084 3769 1164 3829 scire
1191 3777 1339 3847 praeten-

205 3873 294 3933 dunt.
355 3869 521 3949 Postquam
542 3869 616 3928 talia
635 3868 731 3940 dixit,
753 3867 864 3927 recessi
884 3869 922 3928 ab
943 3888 996 3940 ee,
1019 3866 1163 3947 etjuravi
1180 3868 1220 3929 sd
1240 3863 1339 3925 sancti

205 3982 399 4044 sanctorum,
423 3969 507 4047 qnod
527 3969 598 4028 volo
619 3967 753 4026 scribere
775 3967 813 4026 sd
835 3968 1042 4028 colonienses.
1089 3969 1164 4028 Peto
1185 3986 1259 4046 ergo
1278 3965 1340 4026 liu-

204 4071 340 4144 militer,
361 4069 443 4148 quod
465 4067 569 4129 velitis
589 4068 648 4127 ists
662 4067 765 4125 dicere
786 4066 942 4146 Magistris
955 4067 1067 4128 nostris
1082 4078 1112 4128 et
1125 4067 1237 4128 Ioanni
1251 4064 1341 4126 Pfef-
1437 4133 1438 4152 ξ

165 4233 169 4248 ,
202 4172 353 4241 fcrkorn,
374 4167 429 4246 qui
450 4179 496 4227 est
517 4167 605 4247 quasi
625 4166 765 4247 Scriptor
787 4165 997 4239 coloniensis,
1024 4177 1054 4226 et
1074 4168 1132 4228 scit
1151 4164 1340 4226 mirabiliter

205 4287 402 4348 componere,
422 4277 458 4326 ut
477 4267 556 4326 bene
575 4278 668 4326 vexet
690 4285 741 4324 eos
761 4264 882 4354 scriptis
902 4261 975 4328 suis.
1018 4267 1085 4342 Ille,
1105 4266 1159 4348 qui
1174 4264 1256 4328 dixit
1269 4263 1337 4336 ista,
