2866 4724
368 369 440 436 111.
479 343 655 436 ruent
695 360 945 438 riurarrs.
1116 357 1226 440 .⁴srs

79 547 271 611 quamquam
310 547 381 592 sere
421 529 555 594 fortasse
595 529 699 594 nimis.
781 531 815 594 8.
870 529 952 594 aest·
973 531 1224 596 embmtuuuiea«

77 630 172 706 bunt,
209 631 434 710 aggravabunt,
471 632 734 712 reaggravebunt,
766 627 934 692 excludent
953 631 992 692 ab
1015 633 1164 706 ecclesii,
1191 642 1224 695 et

79 729 237 791 Satbanae
256 730 397 808 tradent3
439 731 584 792 eo'euim
598 731 661 792 illis
683 729 790 794 omnia
805 729 927 808 licent„
970 733 1012 791 P.
1066 732 1141 794 Nou
1161 732 1223 794 boe

77 830 247 894 admodum
267 829 424 911 gravabit:
444 830 499 911 qui
520 830 653 912 perinde
670 830 732 892 hoe
747 849 831 892 nune
846 829 968 892 faciunt
987 839 1023 894 ut
1042 831 1170 896 bombos
1191 844 1222 892 et

80 930 199 992 ventris
221 931 365 1010 crepitus.
385 929 418 988 S.
438 929 617 993 Ecclesiam'
631 949 704 1010 ergo
722 931 785 999 Dei
805 930 1028 992 contemnent?
1059 934 1101 992 P.
1117 934 1221 1011 Quam

78 1030 266 1093 ecclesiam?
312 1029 360 1100 ‘S,
379 1028 456 1088 Eam
472 1031 600 1110 utique,
635 1051 714 1111 quae
734 1039 780 1091 est
800 1027 965 1104 incuria,
998 1037 1030 1090 et
1049 1031 1085 1091 in
1105 1031 1220 1112 palatie
1345 1075 1348 1082 .

75 1129 245 1212 pontificis.
286 1132 328 1191 P.
335 1129 505 1190 Ecclesiam
525 1130 589 1195 Dei
608 1129 737 1204 Christi,
758 1149 902 1210 sponsam
920 1129 1164 1207 immaculatam,
1176 1131 1221 1192 si-

75 1249 117 1292 ue
137 1230 277 1301 macula,
321 1229 388 1292 sino
401 1249 495 1311 ruga,
516 1229 678 1306 illibatam,
699 1229 912 1310 impollutam,
945 1239 1144 1298 contemnent
1163 1249 1222 1297 ue-

75 1351 242 1410 quaquam.
283 1331 404 1389 Verum
424 1327 501 1391 huie
518 1331 652 1391 concilio
674 1327 911 1410 malignantium
933 1339 964 1390 et
983 1328 1119 1410 Tarpe'c
1136 1325 1223 1389 'saxo

74 1429 183 1497 neseio
213 1427 289 1512 quid
315 1429 391 1488 mali
411 1427 616 1501 intentabant.
655 1431 689 1490 S.
716 1429 827 1510 Neque
853 1442 888 1490 tu
907 1429 1040 1490 Romam
1063 1350 1155 1502 chia,
1184 1437 1222 1490 ut

74 1527 188 1594 audio..¹
228 1533 269 1590 P.
310 1528 434 1590 Nullibi
455 1529 560 1591 miuus
586 1550 681 1611 quam
698 1531 819 1590 Romae
838 1549 928 1603 aum,
947 1530 1042 1610 paulo
1063 1538 1133 1611 post
1153 1527 1221 1590 divi
1290 1571 1296 1579 ι

74 1627 163 1689 Petri
185 1637 216 1701 et
237 1627 329 1688 Pauli
349 1639 492 1710 tempora
507 1629 575 1696 illic
595 1629 809 1714 peregrinatu
849 1628 977 1699 interitu
999 1628 1131 1692 Romam
1151 1621 1241 1690 vidi'

74 1745 250 1808 nunquam.
290 1729 323 1788 S.
351 1730 392 1792 at
421 1747 478 1812 ego
498 1729 580 1790 nulli
601 1730 653 1792 vel
673 1730 814 1790 locorum
834 1728 888 1788 vel
907 1729 1045 1808 gentium
1066 1728 1145 1810 degn
1166 1727 1219 1788 lu-

73 1827 218 1903 bentius,
239 1829 375 1900 maxime
395 1847 473 1890 vcro
495 1829 530 1889 in
552 1829 678 1892 aedib'us
698 1827 921 1897 cardinalium,
962 1830 1003 1890 P.
1022 1828 1063 1888 Et
1082 1849 1147 1899 nou
1168 1827 1219 1887 ol·

72 1927 217 1990 senderia
234 1928 363 1989 illorum
384 1927 541 2012 piaculis?
583 1931 615 1989 S.
647 1929 762 1994 Omnia
782 1927 961 2003 dissimulo,
1001 1932 1038 2000 iat
1063 1947 1148 1990 meos
1168 1928 1218 1987 fa·

74 2029 166 2089 ciam.
208 2033 251 2100 Ρ.
278 2029 394 2091 Vidisti
414 2027 584 2110 aliquando
604 2029 774 2090 Vadiscom
795 2027 886 2090 illum
906 2029 1084 2089 Romanum
1105 2047 1218 2094 cousu-

72 2129 164 2188 lcm'?
206 2130 239 2188 S.
260 2129 355 2190 Vidi:
375 2129 505 2209 insuper
523 2139 555 2190 et
573 2129 754 2211 gravissimo
770 2127 841 2189 odio
857 2127 1001 2188 insector.
1041 2130 1082 2212 Ρ.
1097 2128 1217 2205 Quam·
1306 2187 1307 2190 ,

74 2227 210 2300 obtem?
273 2230 307 2288 S.
335 2231 433 2307 Quod
454 2223 573 2290 ociosus
595 2227 677 2289 nibil
696 2229 759 2309 agit
780 2227 882 2294 aliud,
910 2247 1001 2305 quam
1033 2227 1116 2307 quod
1136 2225 1217 2302 alie-

74 2349 149 2390 rum
170 2345 273 2388 mores
293 2329 443 2396 observat.
484 2329 526 2389 P.
547 2327 584 2389 Id
600 2338 666 2389 erat
685 2333 748 2394 latu
769 2325 935 2401 absurdum
955 2326 1025 2390 viro
1045 2323 1216 2408 prudentii
1251 2403 1255 2410 Ι

73 2431 109 2489 8.
131 2429 233 2493 Immo
253 2428 519 2494 absurdissimum:
539 2448 598 2488 nee
618 2427 697 2488 mibi
717 2427 904 2508 temperabo,
925 2427 1002 2506 quin
1015 2425 1099 2486 huuc
1114 2448 1131 2488 e
1146 2446 1214 2491 me-

73 2528 129 2589 dio
149 2529 269 2590 tollam.
310 2532 352 2589 Ρ.
374 2530 494 2592 Verum
516 2529 621 2591 evasit.
663 2529 695 2597 S.
716 2529 837 2607 Apage,
867 2547 978 2608 apage,
1000 2526 1118 2598 erasit?
1137 2524 1221 2587 ubil.
1333 2575 1335 2580 .

74 2631 117 2689 P.
138 2627 252 2714 Nuper
272 2627 472 2701 Germaniam
493 2628 686 2711 peragravit,
720 2627 913 2707 Pasquillum
935 2646 1102 2706 quaereus:
1121 2645 1213 2707 quem

73 2747 173 2809 quum
192 2717 258 2795 uon
278 2729 457 2809 reperisset,
490 2730 526 2790 in
547 2729 699 2796 Galioiam
722 2739 768 2788 est
785 2736 1008 2808 prosequutus:
1040 2745 1100 2798 nec
1120 2725 1214 2806 longe

72 2828 189 2903 alurit,
232 2828 306 2909 quin
329 2830 421 2899 amba
440 2831 603 2907 redibunt3
643 2827 706 2908 jam
729 2819 820 2887 'euim
849 2835 994 2887 semestre
1020 2827 1140 2908 agitur,
1182 2835 1216 2885 et

72 2929 155 2989 alius
175 2927 228 3008 (ut
248 2927 357 3008 audio)
380 2931 463 3010 apud
477 2929 633 3000 'Carolum
654 2947 759 3010 regem
772 2927 984 2990 Romanorum
1005 2927 1040 2987 in
1052 2928 1124 2996 astla
1138 2947 1214 2988 ver·

71 3039 170 3091 satur.
190 3051 191 3058 ¹
215 3028 248 3099 8.
272 3029 331 3092 Ille
351 3031 486 3106 nebulo,
518 3028 573 3111 qui
594 3029 717 3109 plebem
737 3028 904 3109 persuasit,
934 3049 975 3088 ne
996 3027 1072 3108 quid
1093 3025 1229 3090 contri?

72 3131 185 3191 bueret
206 3128 240 3188 in
262 3129 328 3201 divi
355 3131 441 3197 Petri
470 3130 644 3201 basilicam:
680 3129 764 3210 qnod
784 3127 856 3195 dolo
877 3148 927 3188 res
946 3128 1066 3210 agitur,
1102 3138 1132 3194 et
1153 3145 1212 3208 pro

71 3229 202 3291 basilica
222 3230 373 3309 palatium
394 3228 554 3296 Pontificio
579 3238 774 3292 construatur
799 3229 1008 3308 sumptuosius
1015 3268 1054 3298 ,..
1070 3225 1213 3308 magnifi-

73 3329 299 3409 centiusque'l.
318 3329 404 3402 ,Nam
424 3330 502 3402 illuc
518 3329 637 3411 lapidas
653 3327 717 3409 jam
738 3327 915 3409 perpolitus·
937 3331 1032 3387 noctu
1051 3326 1127 3389 vehi
1149 3323 1213 3386 eri-

72 3429 260 3488 minabatur.
323 3433 365 3491 Ρ.
384 3429 595 3492 Mentiehatur
621 3427 739 3510 igitur?
781 3430 812 3486 S.
838 3426 1058 3506 Nequaquam,
1094 3424 1149 3485 aed
1175 3435 1211 3484 ut

72 3549 125 3591 res
144 3537 228 3603 erat,
248 3527 390 3598 narravit
410 3530 617 3610 apertissime:
656 3549 766 3596 verum
787 3528 848 3612 lroc
875 3525 1012 3596 cuiusuis
1033 3524 1212 3605 impostoris
1235 3513 1237 3520 ’

72 3649 139 3690 uon
160 3638 228 3690 erat
248 3647 384 3709 carpere.
426 3631 468 3689 P.
489 3629 524 3688 Si
545 3649 618 3711 ergo
639 3629 703 3704 illis
724 3630 798 3689 licet
818 3627 1015 3706 delinquere,
1041 3625 1124 3704 quod
1144 3642 1211 3684 non
1253 3627 1256 3632 '

72 3728 135 3788 hoc
154 3727 308 3788 incessere
330 3726 436 3791 debuit
456 3729 653 3810 Pasquillusl
717 3730 749 3798 8.
771 3727 912 3789 Tiberim
933 3723 1135 3806 ingurgitabit
1157 3735 1212 3783 aut

74 3829 308 3910 quamprimum
328 3829 534 3910 suspendetur
551 3831 586 3890 iu
607 3849 712 3904 cruce,
752 3828 808 3889 nbi
826 3826 965 3893 'redierit
983 3827 1126 3886 Romam.
1167 3827 1210 3884 P.

73 3930 122 3990 Eo
143 3927 241 4010 magis
262 3927 416 4009 pandetur
436 3931 667 4009 vanaequae
689 3929 756 4010 ejus
773 3934 902 3992 naturae
924 3935 1043 4001 est,·ut
1061 3942 1211 4004 nequeas

75 4027 237 4090 obscurari
258 4028 411 4111 patiatur,
433 4041 464 4093 et
476 4031 511 4092 si
532 4030 760 4112 supprimatur,
781 4031 931 4110 erumpat.
944 4037 1047 4087 tamen
1067 4017 1211 4104 aliquan-

74 4129 125 4188 do.
188 4129 277 4207 Quot
296 4130 394 4191 bonos
414 4141 445 4192 et
467 4131 600 4214 optimos
627 4128 712 4194 viros
738 4127 798 4190 lunc
822 4127 1004 4192 barathrum
1032 4122 1210 4204 absorpsit?

75 4227 163 4306 Quid
189 4227 276 4288 enim
302 4227 352 4290 illi
377 4249 443 4293 nou
469 4231 604 4296 audent?
667 4249 742 4310 quas
766 4227 894 4290 fraudas
913 4247 978 4287 nou
999 4220 1216 4286 nieditantur'l
1314 4251 1317 4264 ι

74 4348 154 4411 quae
173 4339 364 4404 commenta,
385 4351 460 4413 quas
479 4332 621 4407 anatim,
642 4331 835 4405 calliditates,
852 4325 1067 4410 deceptiones,
1081 4323 1209 4384 illuuio·
