2866 4724
371 316 916 416 osscuuvruou.
1128 321 1228 415 eos
1323 337 1342 452 J
1416 380 1417 452 l

79 513 297 578 recommends
323 511 406 592 apud
431 488 712 588 Theologiseimunr'
738 517 875 568 vestrum
894 503 1059 580 Abbatem,
1091 516 1127 568 ut
1154 529 1204 570 me

80 615 158 676 velit
177 631 362 695 promovere
382 610 421 671 ad
442 607 638 693 pinguiorem
658 605 812 678 officium,
832 623 904 664 nam
924 605 980 665 etsi
1001 625 1068 666 sum
1080 607 1205 670 Scholi-
1243 610 1248 621 '

80 734 153 794 rega
188 733 247 793 pro
281 731 381 785 nune,
423 721 526 771 tamen
559 724 624 768 non
648 705 747 766 habeo
775 703 851 767 indo
868 703 1000 764 multum
1019 705 1154 776 interere
1175 716 1217 766 es

81 812 234 874 mordere.

162 911 253 983 Hauc
289 908 458 990 Epistulam
497 902 655 986 discipulis
697 903 760 964 suis
797 901 977 964 imitandam
1011 903 1206 985 proposuisse
1248 990 1251 998 Α

83 1012 194 1071 fertur.

83 1194 243 1272 Magister
263 1192 381 1250 Petras
404 1189 532 1272 Zepffcl,
553 1187 637 1246 alias
651 1161 872 1261 Hiltebranau
888 1207 947 1264 pro
959 1205 1043 1245 nunc
1060 1185 1207 1248 didasca-

84 1294 134 1352 lcu
157 1295 193 1348 ia
209 1291 351 1350 Ecclesia
366 1290 532 1368 collegiata
556 1289 658 1374 sancti
673 1286 799 1365 Sysricli
819 1287 973 1355 Metauri,
1005 1284 1132 1345 discreti
1154 1311 1224 1348 neci
1246 1357 1249 1370 Ι

122 1411 187 1448 rma
201 1389 370 1464 scientifico
384 1390 505 1462 juveni
516 1387 654 1450 Aleaius
673 1383 710 1442 de
728 1387 847 1458 Meuia,
863 1387 961 1444 amico
976 1388 1168 1446 maximissi-

541 1478 587 1544 πίε
602 1483 756 1542 adamata.

166 1606 303 1666 Salutem
324 1621 424 1662 meam
444 1611 590 1681 apertam.
617 1599 739 1659 Dilecta
758 1596 840 1658 socie
854 1595 1048 1666 charissime,
1069 1619 1125 1679 ego
1138 1599 1211 1662 mit.

84 1718 114 1764 to
134 1713 167 1764 te
187 1704 282 1780 scire,
315 1703 398 1782 quod
420 1721 475 1782 ego
496 1719 597 1781 nuper
624 1697 729 1758 iusteti
749 1717 805 1777 pro
827 1717 891 1756 uno
911 1697 1148 1780 gubernamine,
1182 1712 1211 1762 et

85 1824 125 1862 ex
144 1803 208 1862 Dei
228 1801 325 1880 gratia
344 1802 442 1862 factus
454 1819 529 1860 sum¹
543 1797 722 1876 Scholircga
740 1794 895 1859 Ecclesiae
917 1796 1094 1874 collegiatae
1115 1803 1212 1862 sancti

86 1900 206 1980 Syfridi
228 1899 360 1960 Meteusi
381 1909 411 1958 et
430 1898 510 1965 bene
529 1903 593 1967 sto,
631 1894 703 1975 quia
730 1893 829 1954 habeo
850 1894 983 1954 multum
1008 1893 1161 1958 scholares
1182 1910 1213 1962 et

85 1987 197 2080 paruos
219 2009 409 2078 utmagnus,
436 2016 587 2077 pauperes
608 2013 678 2055 cum
699 1991 819 2070 divitis;
849 2013 904 2073 ego
924 1995 1054 2065 vellem,
1075 1996 1158 2073 qued
1176 2007 1212 2058 tu

84 2096 209 2159 veneris
229 2097 310 2176 apud
332 2116 404 2169 uos,
441 2095 513 2173 quia
538 2114 640 2176 posses
665 2111 786 2154 meeum
806 2093 937 2152 multum
956 2092 1117 2173 prodesse,
1155 2116 1211 2177 ego

85 2197 201 2259 vellem
220 2195 416 2276 singulariter
444 2193 527 2273 apud
556 2202 587 2253 te
613 2201 786 2272 respectum
816 2189 949 2261 hahere,
990 2202 1021 2250 et
1047 2193 1160 2252 vellem
1180 2205 1212 2254 te

86 2297 203 2356 discere
223 2293 355 2354 casualia
377 2301 408 2352 et
434 2291 616 2373 temporalia
647 2301 678 2352 et
702 2301 737 2351 tu
756 2311 858 2372 posses
879 2291 971 2350 etiam
992 2310 1081 2350 ame
1101 2293 1211 2354 docere
1265 2313 1272 2334 ¹

73 2379 189 2458 'faeere
210 2412 323 2466 versos,
344 2391 417 2472 quia
437 2391 555 2472 incepti
574 2391 754 2471 nuperrime
773 2391 894 2450 tertiam
914 2411 985 2470 pars
998 2389 1169 2451 Alexandri
1181 2404 1212 2454 et

85 2513 152 2554 sum
175 2513 193 2550 a
213 2493 349 2572 primum
369 2490 413 2551 ibi
435 2490 603 2550 distinxere
622 2490 724 2570 pedes.
764 2489 920 2569 Discipuli
947 2488 1009 2568 jam
1030 2489 1092 2566 mei
1111 2490 1212 2552 sciunt
1314 2521 1317 2527 ·

85 2591 239 2651 fabricare
258 2606 379 2652 versos:
420 2607 501 2650 unus
529 2586 600 2648 heri
627 2598 768 2670 apportat
794 2589 874 2648 mihi
893 2610 990 2648 uuum
1008 2590 1133 2663 bonum,
1151 2592 1212 2650 sci·
1241 2611 1245 2614 ·

85 2691 175 2751 licet:
217 2710 236 2748 o
250 2688 432 2751 intemerata
454 2707 542 2746 mons
561 2707 655 2767 super
679 2689 789 2768 sydera
813 2688 928 2763 ferret,
963 2689 1037 2748 item
1063 2690 1141 2749 alter
1158 2693 1212 2750 Jo-

85 2790 150 2850 rius
171 2787 276 2848 stissus
297 2798 342 2849 est
360 2786 532 2868 presbyteri
552 2787 695 2866 deputes,
716 2787 791 2846 item
806 2787 914 2847 tertius
935 2808 1030 2848 unum
1044 2789 1211 2868 pulchrum
1314 2791 1320 2816 ‘

86 2887 290 2968 Epitaphium
311 2885 350 2946 ad
370 2884 568 2966 sepulchrum
589 2885 740 2965 lapidem:
781 2887 912 2948 loannes
932 2897 977 2946 cst
996 2907 1094 2962 mors,
1129 2890 1212 2969 quod
1241 2951 1243 2956 ,

87 2985 164 3048 iecit
183 2984 264 3044 mihi
282 3003 355 3057 rae,
379 2993 466 3044 orale
482 3003 541 3064 pro
563 2983 639 3051 sibi,
658 2984 745 3044 Deus
764 2984 856 3045 habet
872 3007 963 3046 auum
982 2985 1093 3046 anima.
1156 2989 1212 3048 Sin

88 3095 192 3170 autem
212 3079 277 3144 nou
298 3096 344 3143 est
363 3082 556 3157 luxuriosus,
594 3082 628 3142 id
651 3094 696 3142 est
716 3083 815 3162 herig,
842 3084 882 3144 ad
900 3107 1023 3160 versos,
1044 3086 1098 3145 sed
1120 3088 1211 3147 etiam

87 3184 126 3243 ad
157 3203 263 3264 prosus
302 3181 497 3256 dictaminas,
540 3200 596 3262 ego
632 3183 781 3262 proposui
823 3183 867 3242 eis
900 3186 1026 3246 modum
1060 3187 1212 3264 dictandi,

86 3303 127 3342 ex
148 3301 212 3362 quo
240 3283 342 3344 statim
368 3290 458 3342 erunt
486 3280 590 3340 facere
616 3281 765 3362 epistolas.
822 3283 901 3342 Cum
931 3283 992 3343 hoc
1019 3303 1134 3366 occupo
1162 3306 1212 3346 me
1268 3303 1273 3314 ’
1314 3356 1316 3360 .
1414 3333 1418 3342 .

85 3400 158 3440 cunr
196 3378 240 3438 eis
272 3380 356 3460 apud
383 3378 564 3440 Oratoribus
597 3388 628 3440 et
657 3380 789 3454 Poetis.¹
836 3383 919 3443 Lexi
953 3382 1038 3443 enim
1065 3383 1127 3443 huc
1158 3405 1213 3444 us·

86 3499 148 3558 que
196 3478 371 3558 Vergilium
416 3497 510 3558 super
556 3479 696 3554 Lucam,
752 3478 932 3541 Ciceronem
984 3503 1077 3561 super
1126 3485 1249 3549 Mas„
1283 3465 1289 3475 ’

86 3597 174 3652 cum,
217 3577 448 3654 Quintilianum
468 3597 561 3657 super
581 3576 745 3653 loannem,
773 3579 917 3643 Plautum
936 3582 975 3644 de
996 3584 1084 3645 beata
1108 3581 1214 3662 Virgi-

85 3697 128 3736 ne
146 3683 178 3734 et
198 3675 423 3736 Horatiumde
450 3676 480 3734 S.
504 3673 678 3736 Catharina.
739 3679 781 3739 Et
806 3680 875 3762 lego
905 3683 949 3742 eis
973 3684 1106 3744 multum
1133 3681 1214 3742 bona

86 3774 170 3834 circu
189 3772 423 3852 impedimentas
439 3774 628 3851 Alexandri3
650 3795 772 3855 semper
783 3799 876 3860 super
889 3782 966 3842 duos
985 3801 1089 3844 versos
1103 3780 1214 3860 uiginti

86 3881 223 3952 quatuor
244 3873 394 3952 arguitur.
419 3873 463 3932 Et
481 3873 591 3933 modus
612 3874 940 3954 significandiloaunis
960 3881 998 3941 de
1019 3879 1214 3955 Garlaudria,

85 3972 122 4030 in
147 3968 259 4047 quibus
280 3970 424 4051 discipuli
443 3971 506 4033 mei
527 3972 660 4035 multum
683 3988 913 4055 cremaverunt,
942 3981 987 4039 sic
1007 3991 1038 4038 et
1057 3989 1092 4039 tu
1113 4001 1214 4059 posses

83 4069 121 4128 in
141 4069 232 4129 brevi
251 4087 388 4150 erescere
414 4089 508 4152 super
536 4089 643 4130 omnes
668 4071 766 4134 socios
790 4085 876 4150 tuos,
918 4078 1010 4140 etiam
1030 4074 1057 4138 si
1081 4078 1215 4140 solveret

84 4167 131 4227 eis
151 4167 269 4228 collum
291 4189 408 4232 eorum.
468 4171 509 4232 Et
529 4168 590 4229 eris
616 4169 750 4232 scribere
768 4191 874 4248 unam
895 4177 1057 4256 pulchram
1078 4177 1213 4238 litteram

83 4265 125 4330 ad
144 4265 336 4334 avunculum
356 4277 460 4338 tuum,
486 4267 659 4330 Dominum
677 4267 809 4338 Joauues
828 4274 1089 4358 Lappeuhanser‚
1109 4278 1216 4358 pleba-

967 4373 1032 4438 20-
