2896 4716
206 351 270 418 242
341 342 345 356 ‘
440 371 502 389 ·‘
574 343 978 408 El'lSTOLAE

208 507 325 570 debetis
346 525 396 566 me
416 505 531 566 iterum
553 523 665 565 amare.
729 502 791 563 Sed
812 523 877 562 non
902 497 1020 579 facitis,
1041 500 1114 580 quia
1134 519 1190 591 vos
1211 503 1344 564 scribitis

209 607 289 667 mihi
309 606 408 666 nihil:
441 605 554 664 vellem
577 602 726 674 libenter,
759 602 844 681 qnod
863 601 1039 680 saepissime
1057 602 1231 662 scriberetis
1256 605 1342 676 mibi,

193 707 281 789 ‚quia
302 705 424 786 quando
445 704 514 782 lego
537 703 641 762 literas
662 711 795 773 vestras,
823 699 990 760 laetificant
1010 721 1061 759 me
1080 701 1115 760 in
1136 703 1229 781 corde
1251 703 1343 763 intus.

208 810 354 869 Attamen
376 803 535 875 intellexi,
566 801 650 881 quod
672 799 791 859 habetis
816 819 930 880 paucos
952 801 1120 874 auditores,
1149 811 1180 861 et
1201 813 1246 860 est
1267 823 1345 882 qne-

208 909 274 969 rela
292 915 412 970 vestra,
434 901 517 982 quod
530 899 681 960 ancbius
702 909 733 958 et
753 899 914 960 Caesarius
933 899 1061 960 trahunt
1081 900 1168 960 vobis
1185 901 1345 962 scholares
1427 907 1428 934 ¹

208 1016 239 1065 et
258 1004 416 1085 supposita
440 1000 570 1072 abinde,
615 1018 685 1057 cum
709 1009 811 1058 tamen
834 999 894 1079 ipsi
917 1021 981 1059 non
1001 1000 1102 1059 sciunt
1121 1000 1165 1058 ita
1185 1021 1344 1081 exponere

206 1107 316 1170 Poetae
338 1101 519 1180 allegorice,
539 1099 618 1158 sient
639 1119 715 1171 vos,
750 1109 781 1157 et
799 1099 1026 1178 superallegare
1052 1099 1176 1158 Sacram
1200 1101 1342 1181 Scriptu-

205 1225 283 1266 ram.
325 1201 444 1272 Credo,
466 1198 549 1278 quod
572 1197 711 1258 diabolus
733 1205 778 1256 est
799 1196 833 1255 in
854 1197 917 1256 illis
938 1198 1050 1256 Poetis.
1096 1198 1159 1278 Ipsi
1180 1198 1342 1259 destruunt

207 1322 312 1363 omnes
333 1297 562 1362 Universitates
582 1307 614 1356 et
636 1296 743 1356 audivi
768 1296 805 1354 ab
832 1317 896 1356 uno
926 1297 1054 1376 antiquo
1083 1297 1233 1375 Magistro
1263 1299 1341 1378 Lip-

206 1401 306 1476 sensi,
326 1399 382 1481 qui
403 1398 465 1458 fuit
485 1395 633 1475 Magister
654 1395 783 1476 triginta
802 1415 966 1467 annorum,
989 1405 1020 1454 et
1035 1396 1115 1456 dixit
1129 1397 1219 1468 mihi,
1242 1417 1341 1477 quen·

207 1503 246 1563 do
269 1501 335 1582 ipse
357 1499 466 1559 fuisset
484 1495 617 1575 juvenis,
639 1504 714 1554 tunc
733 1493 790 1552 issa
806 1494 996 1556 Universitas
1015 1495 1095 1554 bene
1106 1497 1247 1568 stetisset,
1269 1497 1341 1576 quia

206 1603 241 1663 in
268 1597 382 1680 viginti
410 1595 596 1656 milliaribus
628 1594 735 1652 nullus
763 1594 858 1652 Poeta
887 1595 1004 1654 fuisset.
1066 1595 1108 1655 Et
1135 1595 1216 1653 dixit
1237 1598 1339 1670 etiam,

189 1700 291 1784 ,quod
310 1712 384 1758 tunc
399 1695 556 1776 supposita
577 1691 743 1773 diligenter
763 1693 998 1772 compleverunt
1017 1691 1166 1753 lectiones
1187 1715 1258 1754 suas
1273 1696 1339 1755 for-

206 1801 303 1862 males
323 1809 353 1857 et
373 1795 563 1865 materiales,
593 1812 649 1851 sen
670 1791 820 1850 bursales:
850 1801 881 1850 et
902 1791 964 1851 fuit
984 1811 1129 1871 magnum
1150 1794 1339 1862 scandalum,

207 1899 291 1981 quod
318 1895 430 1976 aliquis
456 1893 581 1953 studens
606 1889 670 1950 iret
692 1890 725 1949 in
756 1890 873 1970 platea,
916 1905 946 1948 et
977 1911 1040 1950 non
1063 1890 1191 1953 baberet
1213 1895 1339 1953 Petrum

206 2000 382 2078 Hispanum
396 2038 404 2069 ,
450 2005 504 2053 aut
523 2010 620 2072 prava
641 1989 801 2067 Logicalia
826 1990 883 2048 sub
904 1988 1039 2050 brachio.
1101 1993 1141 2051 Et
1161 1994 1188 2052 si
1211 1995 1342 2054 fuerunt

208 2094 426 2168 Grammatici,
464 2103 539 2152 tunc
560 2089 722 2170 portabant
746 2099 848 2168 partes
876 2090 1064 2164 Alexandri,
1105 2091 1155 2150 vel
1184 2093 1342 2152 Vademe-

208 2217 300 2269 cnut,
337 2195 389 2256 vel
410 2190 602 2252 Exercitium
623 2209 808 2268 puerorum,
843 2201 898 2248 aut
918 2189 1006 2268 Opus
1028 2191 1144 2263 minus,
1172 2203 1226 2250 aut
1248 2192 1341 2255 Dicta

208 2293 334 2360 Ioannis
355 2291 497 2353 Sintheu.
560 2289 600 2347 Et
620 2288 655 2347 in
675 2287 787 2348 sobolis
808 2287 1007 2348 advertebant
1025 2276 1206 2368 diligenter,
1229 2301 1260 2350 et
1283 2290 1340 2351 ba-

208 2398 346 2458 buerunt
365 2381 400 2451 iri
420 2390 539 2450 honore
561 2387 723 2467 Magistros
741 2387 864 2460 artium,
893 2399 923 2448 et
942 2387 1066 2467 quando
1079 2387 1227 2448 viderunt
1241 2411 1340 2452 unum

208 2495 409 2574 Magistrum,
427 2491 516 2578 ,ωηο
536 2488 665 2548 fuerunt
684 2488 842 2567 perterriti
863 2488 951 2564 quasi
977 2487 1121 2548 viderent
1141 2509 1239 2548 uuum
1258 2491 1341 2550 Dia·-
1430 2483 1431 2486 '

209 2595 327 2656 bolum.
368 2591 409 2650 Et
429 2588 496 2648 dixi
517 2587 607 2646 etiam
617 2628 627 2660 ,
654 2588 738 2666 quod
757 2606 814 2666 pro
834 2596 909 2646 tunc
929 2596 1038 2667 quater
1056 2587 1089 2646 iu
1110 2609 1192 2648 anno
1212 2610 1342 2670 promo*

111 2737 115 2745 .
209 2694 363 2754 rebantur
391 2686 605 2770 Bacculaurii,
648 2696 679 2745 et
698 2703 820 2764 semper
842 2704 900 2766 pro
922 2707 985 2746 uua
1005 2687 1073 2747 vice
1093 2697 1166 2748 sunt
1183 2689 1341 2767 sexaginta

211 2801 265 2850 aut
286 2787 519 2870 quinquaginta.
576 2785 617 2843 Et
641 2782 698 2844 illo
723 2795 866 2865 ,tempore
887 2785 1078 2854 Universitas
1102 2785 1156 2846 illa
1175 2787 1238 2846 fuit
1260 2789 1341 2848 rnul-

211 2899 279 2950 tum
300 2889 334 2947 in
354 2887 449 2963 flore,
479 2896 511 2942 et
530 2882 652 2963 quando
680 2905 762 2944 unns
787 2885 871 2944 stetit
895 2905 1088 2965 perannum
1110 2906 1178 2944 cum
1200 2886 1340 2961 dimidio,

212 2988 276 3048 fuit
300 2995 460 3067 promotus
485 2983 519 3042 in
549 2983 800 3056 Baeculaurium,
835 2991 867 3044 et
895 3005 953 3064 per
979 2994 1041 3044 tres
1072 2991 1168 3049 anuos
1188 2996 1242 3045 eut
1264 2986 1340 3050 duos

213 3107 284 3146 eum
304 3084 433 3144 dimidio
454 3083 488 3142 in
509 3081 708 3162 Magistrum:
731 3082 824 3141 etsie
843 3085 1343 3162 parentes·eorumfueruntcon-

212 3185 307 3259 tenti,
329 3195 360 3245 et
381 3184 515 3244 libenter
535 3191 746 3260 exposuerunt
764 3185 929 3261 pecunias,
971 3185 1044 3260 quia
1064 3184 1224 3258 videbant,
1258 3186 1342 3265 quod

212 3284 271 3347 filii
294 3283 343 3344 sui
365 3290 519 3342 venerunt
540 3280 578 3340 ad
599 3279 744 3338 bonores.
794 3282 855 3340 Sed
875 3303 958 3342 nunc
977 3283 1133 3362 supposita
1153 3266 1266 3342 uolunt
1279 3305 1342 3344 uu-

215 3383 283 3444 dire
301 3367 470 3462 Virgilium
493 3391 523 3440 et
536 3379 694 3454 Plinium,
717 3389 748 3438 et
767 3381 843 3439 alios
863 3401 961 3442 novos
982 3391 1121 3454 autores,
1144 3391 1174 3440 et
1194 3381 1269 3440 licet
1284 3403 1342 3444 aa·

214 3483 306 3557 diunt
326 3502 384 3561 per
405 3482 542 3561 quinque
571 3499 684 3552 annos,
726 3490 827 3538 tamen
854 3500 918 3540 non
946 3489 1177 3560 promoventur.
1238 3481 1280 3542 Et
1298 3482 1342 3540 sie

214 3580 337 3662 quando
363 3591 525 3640 revertunt
544 3579 579 3643 in
600 3577 749 3658 patriam,
783 3579 891 3638 dicunt
913 3580 956 3638 eis
977 3589 1135 3659 parentes:
1177 3579 1265 3656 Quid
1286 3579 1342 3640 esl

212 3679 430 3760 Respondent,
453 3678 537 3758 quod
555 3689 627 3739 sunt
645 3678 744 3751 nihil,
766 3678 821 3736 sed
839 3678 1023 3738 studuerunt
1043 3677 1077 3736 in
1099 3677 1198 3738 Poesi.
1249 3679 1342 3738 Tune

213 3787 438 3860 parentesnon
457 3778 574 3852 sciunt,
605 3778 754 3857 quidest.
815 3777 856 3836 Et
875 3777 998 3856 quando
1018 3779 1141 3851 vident,
1172 3776 1256 3858 quod
1275 3798 1341 3837 nou

212 3887 286 3939 snut
305 3875 522 3949 Grammatici,
545 3887 619 3936 tunc
641 3887 713 3936 sunt
733 3875 814 3935 malo
833 3875 970 3934 contenti
992 3880 1085 3957 super
1103 3876 1190 3935 illem
1203 3875 1342 3938 Univer-

211 3978 349 4049 sitatem,
373 3987 404 4035 et
423 3975 582 4056 poenitent
604 3976 642 4035 de
664 3977 811 4056 pecunia,
841 3985 871 4035 et
891 3975 999 4036 dicunt
1018 3987 1123 4058 postea
1138 3977 1227 4062 aliis:
1267 3975 1341 4036 Non

212 4076 339 4134 mittatis
360 4076 445 4134 filios
461 4087 580 4134 vestros
599 4075 638 4134 ad
653 4074 911 4149 Universitatem,
935 4075 1247 4154 quianihilstudent,
1267 4085 1340 4134 tru-
1430 4135 1431 4138 ,

212 4175 311 4232 fantes
332 4174 364 4230 in
387 4174 496 4252 plateis
517 4185 732 4254 pernoctem,
768 4185 798 4233 et
817 4186 862 4234 est
880 4175 1001 4234 inutilis
1020 4173 1162 4256 pecunie,
1183 4172 1340 4262 quaeda-

211 4285 262 4330 tar
277 4273 322 4362 ad
341 4271 486 4336 studium.
549 4276 589 4336 Et
609 4275 689 4336 dixit
708 4274 787 4334 milri
808 4274 939 4355 amplius
957 4275 1026 4334 talis
1049 4272 1205 4368 Magister,
1252 4273 1338 4352 quod
