2896 4716
436 227 974 334 oasodauraoa
1049 245 1052 254 ⁴
1179 221 1260 334 χιιι

241 415 442 482 ‘Domitiae
466 421 613 483 Valerius
633 421 682 482 M.
706 419 840 483 Ortuino
867 419 978 484 Gratia
997 423 1137 484 solutam.

214 557 357 618 Scribitis
376 556 469 633 milri,
491 559 681 637 interrogans
703 577 722 617 a
741 577 807 632 me,
828 559 982 638 quomodo
1001 567 1103 620 tamen
1125 560 1260 622 Univer-

134 657 202 716 sitas
215 667 324 717 nostra
344 655 437 716 habet
458 678 491 716 se
510 657 544 716 ia
565 655 765 732 causa'fidei,
801 677 840 717 an
855 661 908 718 'est
927 679 985 738 pro
1007 659 1108 734 vobis,
1141 681 1180 720 an
1202 682 1258 740 pro

135 761 282 818 loannem
304 755 493 815 Reuchlinl‘
519 755 626 817 Sciatis
653 755 720 829 bic,
752 765 782 816 ct
807 767 978 836 portatam
999 768 1111 819 terram
1135 745 1262 820 suiten-⁸

134 858 220 915 sium.
275 855 400 915 Fratres
416 852 454 912 de
468 853 589 914 Ordine
605 853 853 915 Praedicatorum
874 847 989 917 habent'
1001 848 1112 916 malam
1133 859 1257 931 famam,

134 963 162 1012 et
179 961 253 1013 sunt
274 953 309 1012 ir1
330 973 439 1032 magna
461 953 603 1034 disgratia
622 963 750 1035 propter
768 953 839 1014 illos
860 955 1038 1017 innocentes
1050 957 1258 1035 Fratres„qui

132 1053 261 1112 fuerunt
281 1050 431 1112 combusti
451 1051 484 1112 in
499 1053 617 1128 Barna,
651 1053 724 1134 quia
743 1075 901 1134 nunquam
924 1055 1035 1130 credo,
1072 1055 1156 1137 quod
1174 1057 1259 1116 fece·
1340 1101 1344 1106 .

132 1163 205 1211 runt
229 1151 314 1224 talia,
336 1171 414 1230 qrrae
436 1150 581 1212 dicuntur
600 1151 639 1211 de
659 1151 713 1214 eis.
754 1151 852 1230 Igitur
867 1153 1180 1214 Monasteria'eornm
1204 1155 1259 1214 de-

132 1249 285 1323 solantur,
309 1261 340 1308 et
359 1249 547 1312 Monasteria
558 1251 700 1310 Fratrum
712 1251 743 1309 S.
760 1251 912 1310 Francisci
923 1264 1071 1314 crescunt.
1112 1257 1258 1333 thuan-

131 1347 168 1406 do
188 1369 272 1408 unus
293 1347 385 1409 lromo
408 1350 459 1410 dat
481 1351 705 1428 eleemosynam
725 1347 1006 1424 Pra'edicatotdbus,
1042 1362 1116 1412 tunc
1145 1353 1257 1432 viginti

128 1447 204 1506 dant
225 1447 403 1506 Minoribus
424 1459 453 1508 et
473 1448 749 1528 Augustinensibns
771 1462 801 1508 et
820 1449 894 1510 alias
915 1451 1006 1510 otiam
1028 1451 1150 1525 dicitur,
1173 1452 1257 1532 qnod

127 1555 173 1604 est
193 1545 230 1603 in
250 1545 415 1626 Prophetae
422 1589 431 1620 ,
453 1547 537 1626 quod
556 1547 611 1606 ille
634 1529 721 1608 Ordo
740 1548 989 1609 Praedicatorum
1010 1550 1099 1618 debet
1119 1549 1256 1610 totaliter

125 1643 239 1706 deleri
301 1647 399 1724 Super
419 1645 480 1704 hoc
499 1649 543 1712 est
563 1643 615 1704 laic
636 1667 716 1706 nnus
733 1645 926 1728 Theologna,
958 1659 993 1709 ut
1011 1650 1078 1729 ipse
1099 1665 1131 1708 se
1152 1647 1257 1707 nomi·
1305 1630 1308 1638 ¹

126 1753 201 1820 nat3
222 1741 275 1802 sed
298 1743 434 1818 videtur,
455 1745 539 1823 quod
553 1745 651 1825 magis,
670 1757 715 1804 ost
734 1747 844 1823 Poeta,
871 1747 969 1808 dictus
990 1749 1135 1807 Erasmus
1158 1747 1256 1807 Rote-

124 1827 292 1916 rodamus,
313 1843 398 1922 quia
419 1844 524 1903 multis
544 1844 587 1904 ita
607 1843 793 1919 honoratur,
827 1843 906 1906 sicut
925 1847 951 1904 si
973 1856 1049 1906 esset
1070 1846 1254 1906 miraculum

125 1942 257 2014 mundr,
292 1951 322 2000 et
343 1951 389 2001 est
408 1943 480 2016 ille,
513 1943 567 2022 qui
587 1944 708 2023 scripsit
728 1943 843 2004 librom
863 1941 1103 2004 Proverbiorum
1115 1987 1125 2018 ,
1162 1963 1253 2023 quem

122 2041 220 2100 semel
241 2039 415 2107 ostendistis,
433 2041 511 2100 mihi
529 2041 693 2118 Coloniae,
733 2054 762 2102 et
785 2040 922 2109 dixistis:
946 2043 1038 2119 ,Quid
1064 2044 1153 2103 nobis
1183 2063 1253 2102 cum

121 2138 302 2198 Proverbiis
323 2141 460 2214 Erasini,
481 2158 551 2199 cum
573 2141 720 2201 habemus
742 2139 911 2200 Proverbia
924 2141 1117 2200 salomonis?
1144 2143 1182 2200 Ft
1199 2141 1254 2199 illo

119 2241 271 2300 Erasmus
292 2249 377 2300 tenet
396 2239 528 2298 multum
549 2237 587 2299 de
609 2239 780 2311 Reuchlin,
802 2247 832 2297 et
853 2258 974 2318 semper
992 2240 1097 2301 laudat
1119 2261 1201 2308 cunr,
1223 2247 1254 2298 et
1297 2305 1300 2315 q

118 2360 227 2419 nuper
248 2339 325 2398 iecit
347 2339 524 2419 imprimere
546 2339 662 2418 aliquas
677 2337 844 2418 Epistulas,
865 2358 939 2420 quas
959 2336 1042 2396 misit
1063 2337 1101 2396 ad
1125 2337 1251 2400 Curiam

116 2437 320 2512 Romanam,
363 2439 399 2498 ad
412 2439 526 2518 Papam
548 2449 578 2498 et
605 2439 725 2518 aliquos
744 2435 935 2508 Cardinales:
973 2435 1007 2494 iu
1027 2435 1094 2494 istis
1114 2435 1252 2508 laudavit
1285 2424 1289 2432 ¹

115 2537 312 2636 Rcuchlin,
330 2549 359 2596 et
379 2535 594 2597 scandalizavit
614 2536 795 2615 Tlreologos.
831 2535 896 2614 Ego
916 2535 1023 2595 videus
1046 2533 1127 2592 dixi:
1152 2532 1180 2593 si
1201 2534 1250 2594 vi

116 2637 247 2697 debunt
266 2605 325 2695 hoa
345 2637 482 2716 Magistri
504 2635 612 2709 nostri,
634 2635 771 2694 diabolus
792 2633 962 2694 confundet
983 2651 1062 2692 eum.
1104 2633 1156 2690 Sic
1177 2633 1273 2712 ergo'

116 2735 319 2797 Universitas
339 2748 443 2796 nostra
452 2778 461 2810 ,
483 2756 561 2815 quae
581 2735 656 2795 fecit
670 2753 811 2814 magnam
827 2733 1030 2792 reverentiam
1038 2730 1066 2792 F
1069 2753 1177 2807 rasmo,
1199 2731 1250 2790 in·

118 2837 238 2896 clinata
258 2825 302 2896 est
321 2857 380 2916 pro
389 2834 569 2908 usumin,
604 2845 634 2892 et
663 2835 750 2894 venit
777 2833 839 2908 huo
860 2824 1024 2892 Glarianus
1046 2834 1159 2913 Poeta,
1194 2829 1249 2909 qui
1293 2872 1296 2876 -

117 2949 163 2996 est
183 2935 280 2995 homo
301 2935 406 2996 valde
412 2933 532 3008 audax,
554 2942 588 2992 ut
608 2930 704 2992 scitis.
725 2933 790 3012 ipse
813 2931 967 2991 mirabilia
987 2931 1128 2992 scandala
1146 2929 1248 3009 loqui-

116 3046 172 3096 tur
194 3035 235 3093 de
256 3036 361 3108 vobis,
391 3047 421 3092 et
440 3033 507 3092 aliia
527 3031 708 3110 Theologis3
731 3041 760 3090 et
782 3030 874 3098 dicit,
901 3031 1067 3110 quodvult
1088 3026 1248 3089 unumli-

115 3137 213 3194 brom
234 3153 420 3212 componere
442 3134 479 3191 de
498 3133 921 3210 nequitiisPraedicatoram,
956 3139 986 3189 et
1013 3128 1082 3187 vult
1112 3125 1248 3189 totaliter
1327 3171 1333 3178 .

118 3225 294 3292 describere
315 3233 390 3306 illa,
412 3253 489 3311 quae
510 3231 682 3290 factasunt
703 3234 736 3290 in
759 3233 850 3292 Bern.
893 3229 958 3308 Ego
981 3227 1094 3303 vellem
1114 3225 1247 3299 libenter

119 3331 325 3392 amicabiliter
344 3330 447 3390 dicere
469 3330 507 3388 ad
529 3351 615 3404 eum,
635 3351 675 3390 ue
698 3331 796 3390 faciat.
860 3326 921 3386 Sed
942 3335 986 3384 est
1007 3325 1099 3384 homo
1120 3321 1246 3381 terribi-

117 3431 172 3503 lis,
206 3440 237 3488 et
258 3442 303 3488 est
322 3429 547 3504 iracundiosus,
582 3449 702 3506 semper
722 3430 829 3488 volens
848 3433 1025 3504 percutere,
1059 3432 1246 3504 quapropter

118 3528 231 3588 lrabeat
251 3529 311 3588 sibi
333 3527 498 3587 diabolum.
558 3529 623 3608 Ego
644 3541 751 3606 spero,
792 3523 873 3604 quod
902 3521 1008 3580 veniet
1035 3523 1185 3585 sententia
1206 3541 1246 3579 ex

117 3629 197 3686 urbo
216 3627 318 3686 Roma
339 3647 397 3706 pro
417 3626 597 3707 Theologis,
622 3609 819 3686 tuncomnia
843 3629 934 3685 erunt
956 3621 1044 3678 bona.
1086 3621 1119 3679 Si
1141 3629 1244 3680 autem

118 3727 217 3784 suerit
236 3747 295 3805 pro
311 3726 487 3796 Reuclrlin,
519 3737 593 3786 tunc
620 3726 759 3786 diabolus
780 3721 897 3784 tenebit
919 3719 1086 3779 candelam.
1126 3719 1243 3795 Valcte.

119 3826 237 3885 Datum
257 3793 413 3885 Basileaei

262 3988 425 4050 Conradus
443 3986 589 4050 Stildra'ot
608 3994 656 4052 M.
678 3990 812 4050 Ortuirao
835 3989 945 4050 Gratia
964 3987 1104 4064 salutem.
1143 4039 1144 4044 ,

201 4089 392 4149 Reverentia
420 4111 460 4149 ex
485 4091 612 4151 servitio
634 4088 860 4150 affectuositatis
888 4107 975 4146 meae
995 4082 1245 4166 praecedentibus

122 4205 193 4267 erga
213 4187 442 4248 virtuositatem
462 4199 611 4266 vestram,
633 4187 817 4254 venerabilis
837 4187 999 4268 Magisterl
1029 4182 1173 4246 intimavi
1187 4200 1245 4242 vo-
