2872 4722
384 327 655 392 ossscun.
703 324 931 384 vutou.
1110 296 1221 388 '137

87 494 205 588 Papae,
228 497 261 548 et
283 485 368 568 qnod
383 485 452 566 plus
473 505 564 564 quem
577 482 617 548 ,in
635 480 774 542 ducentis
795 477 872 538 locis
891 478 981 540 aliter
996 490 1083 540 sonat
1101 481 1135 542 iu
1149 483 1221 543 lati*
1329 473 1341 496 ⁸

89 591 197 661 nitate,
221 607 315 666 quem
338 585 563 647 transtulerunt
582 580 724 663 Magistri
743 580 841 639 nostri
866 589 898 640 et
916 581 1071 644 Dominus
1091 582 1222 642 ioannes

90 687 293 750 Plellerkoru
313 686 348 746 in
370 683 516 757 Colonia3
539 701 574 741 ac
592 682 700 742 dicunt
719 699 777 758 pro
799 691 900 757 certo,
922 679 1005 760 quod
1023 679 1141 741 Romae
1162 701 1223 762 pu-

90 791 165 850 blice
184 785 322 864 legitur,
344 795 375 842 et
388 781 578 862 imprimitur
598 800 669 840 cum
690 777 877 858 Iudaeorum
903 765 1039 840 Telmut.
1101 781 1141 840 Et
1163 781 1223 840 hoc

91 887 246 959 inserunt,
281 883 364 963 quod
390 879 531 961 Magistri
550 859 650 955 ¹nostri
667 891 740 939 sunt
763 879 883 939 falsarii
909 891 940 938 et
962 879 1112 953 infames,
1140 879 1224 960 quod

92 987 168 1054 mule
188 979 433 1059 transtuleruut5
473 979 564 1040 etiam
584 979 667 1060 quod
687 987 760 1038 sunt
785 979 881 1053 esini,
925 999 991 1039 non
1017 979 1225 1060 intelligenter

90 1084 257 1157 Latinum,
279 1081 334 1142 vel
354 1079 574 1162 Teutonicum:
598 1098 633 1137 ec
651 1077 731 1138 sicut
752 1079 983 1146 combusserunt
996 1080 1090 1139 ictum
1109 1081 1224 1142 librum

91 1185 172 1264 apud
191 1193 333 1243 sanctum
354 1179 511 1240 Andream
532 1179 567 1238 in
581 1178 726 1252 Colonia,
745 1179 789 1238 sic
810 1177 902 1241 etiam
918 1179 1031 1240 debent
1045 1182 1226 1242 comburere

93 1283 279 1342 seutentiam
300 1300 388 1340 suem
410 1292 440 1340 et
460 1280 676 1338 aemimontum
697 1278 925 1353 Parrhisiense,
953 1279 1007 1340 vel
1026 1279 1150 1360 ipsimet
1170 1282 1227 1341 de-

91 1383 164 1442 bent
184 1403 251 1442 esse
273 1377 432 1440 haeretici.
471 1380 538 1459 Ego
553 1397 673 1459 possem
694 1379 875 1458 sanguinem
894 1377 985 1454 flere,
1028 1379 1104 1439 adeo
1125 1381 1225 1442 doleo.

91 1483 174 1560 Quis
194 1483 265 1544 vult
291 1477 423 1560 amplius
449 1478 483 1539 in
506 1475 678 1556 Theologiu
704 1476 845 1550 studere,
878 1487 908 1538 et
932 1477 1087 1556 Magistris
1114 1483 1227 1543 nostris

91 1581 245 1656 exhibere
265 1578 457 1640 condebitam
474 1576 708 1638 reverentiam?
749 1576 803 1656 qui
822 1576 897 1636 talia
913 1577 1010 1653 cudit,
1032 1601 1138 1642 omnes
1158 1603 1227 1644 cre-

91 1682 178 1755 dent,
200 1681 284 1760 quod
303 1681 422 1740 Doctor
439 1677 596 1746 Reuchliu
617 1686 662 1736 est
680 1674 878 1756 profundior,
901 1697 994 1757 quom
1009 1681 1150 1762 Magistri
1169 1705 1247 1744 nov

92 1781 174 1854 stri,
198 1779 283 1860 quod
302 1789 344 1838 est
363 1775 564 1857 impossibile.
605 1775 685 1835 Cum
705 1775 765 1834 hoc
781 1774 872 1837 etiam
887 1776 1041 1855 scribunt,
1062 1783 1145 1862 quod
1156 1795 1228 1864 post

93 1893 160 1940 tres
183 1899 301 1939 menses
325 1877 415 1938 debet
433 1874 543 1936 venire
562 1873 663 1941 finalis
687 1874 839 1935 sententie
859 1887 966 1938 contra
985 1881 1149 1961 Magistros
1168 1901 1228 1944 no-

59 2039 62 2048 ,
91 1990 183 2040 stroc.
206 1979 350 2049 Necnon,
372 1975 455 2054 quod
465 1975 882 2055 Papamendabiteubpceno
895 1976 1059 2040 latissimae
1070 2001 1226 2060 censurae,

91 2079 177 2159 quod
184 2079 306 2140 Fratres
316 2075 445 2136 Ordinis
452 2075 701 2136 Praedicatorum
711 2073 841 2149 dehent,
860 2089 989 2157 propter
1003 2101 1089 2142 ruam
1105 2095 1229 2163 proterd
1319 2062 1322 2072 ¹

11 2217 17 2224 -
92 2181 239 2254 vitatem,
255 2185 381 2258 pertore
393 2195 491 2236 unum
499 2176 602 2236 elbum
615 2177 743 2236 brillum
758 2175 824 2234 sive
838 2177 1051 2256 perepicillum
1066 2183 1100 2241 in
1115 2185 1230 2244 suaui-

92 2299 148 2358 gru
166 2297 267 2357 cappa
287 2275 322 2334 iu
344 2274 451 2346 dorso,
488 2275 528 2335 ed
554 2285 736 2358 perpetuam
758 2273 958 2349 memoriam,
987 2289 1017 2336 et
1042 2282 1227 2359 scandalum,

92 2377 178 2457 quod
200 2376 346 2436 feceruut
365 2373 511 2451 injuriam
534 2373 667 2454 Speculo
688 2373 805 2432 oculari
816 2374 944 2434 Domini
964 2378 1089 2439 Ioannis
1102 2381 1230 2442 Reueh-

91 2477 155 2551 lin,
187 2477 273 2534 sicut
297 2473 360 2552 jem
379 2473 470 2535 etiem
491 2474 604 2534 debent
630 2471 696 2551 peti
717 2491 815 2532 unum
837 2473 1014 2536 scandalum
1036 2477 1071 2538 in
1093 2480 1230 2540 celebra-

90 2577 185 2636 tione
208 2572 339 2648 missali,
359 2586 484 2654 propter
503 2570 765 2632 indoxicctionem
786 2571 914 2652 alicujus
934 2574 1138 2655 Imperatoris.
1164 2581 1230 2660 Ego

90 2693 160 2734 uon
180 2693 292 2753 spero,
314 2674 396 2753 quod
415 2675 499 2753 Papa
519 2671 578 2732 erit
600 2681 662 2731 tnm
681 2672 792 2731 stultus
812 2671 896 2752 quod
914 2673 1016 2734 faciet.
1073 2679 1108 2737 Si
1127 2679 1230 2756 faciet,

91 2775 246 2836 volumus
265 2793 323 2852 per
342 2772 522 2836 universum
540 2780 681 2832 nostrum
706 2771 848 2832 ordinem
874 2783 981 2834 contra
1006 2773 1108 2854 ipsum
1128 2779 1232 2860 legere

93 2874 192 2936 istum
213 2873 387 2933 Psclmum:
428 2872 535 2947 „Deus
555 2870 718 2932 laudem.“¹
759 2871 921 2932 Caeterum
940 2873 1045 2935 Patres
1073 2886 1104 2936 et
1130 2877 1232 2958 Magi-

95 2975 151 3036 stri
172 2973 276 3034 nostri
296 2993 383 3034 nunc
404 2971 551 3052 cogitant,
587 2970 742 3052 quomodo
769 2982 896 3051 possunt
916 2974 1043 3036 obviare
1062 2977 1128 3062 isto*
1141 2980 1232 3039 malo.

95 3077 161 3158 Ipsi
181 3076 333 3136 volunta
352 3072 432 3134 Sede
452 3071 627 3152 Apostolice
645 3071 813 3152 impetrare
832 3056 995 3136 lansrimes
1014 3076 1232 3157 indulgentiae,

98 3189 129 3235 et
148 3174 320 3244 maximam
348 3172 524 3253 pecuniam·
541 3171 686 3252 colligere
710 3171 745 3230 in
769 3173 938 3235 Germania
965 3185 995 3236 et
1021 3176 1138 3248 Gellia,
1176 3199 1233 3258 per

98 3295 194 3357 quam
215 3284 346 3355 possunt
359 3271 499 3333 resistere
519 3270 568 3332 illi
588 3270 703 3332 fautori
723 3271 928 3348 Iudaeorum,
951 3273 1048 3334 donec
1071 3276 1232 3352 moriatur,
1320 3309 1327 3317 ’

99 3376 173 3454 quia
196 3384 244 3434 est
263 3391 370 3432 senex.
418 3372 460 3432 Et
479 3371 591 3432 volunt
611 3390 684 3429 eum
704 3372 832 3432 omniuo
856 3375 1009 3432 damnare.
1058 3373 1182 3448 Velete,
1203 3389 1235 3435 et

100 3476 171 3534 date
195 3470 362 3532 consilium
381 3479 519 3532 vestrum
539 3469 710 3532 secundum
729 3483 867 3534 vestrum
878 3490 982 3553 posse,
1004 3482 1036 3530 et
1053 3488 1235 3554 promovete

99 3575 222 3635 bonum
237 3568 375 3633 Ordinis.

102 3734 404 3799 Eitelnarrobianus
425 3723 462 3793 de
482 3737 667 3809 Perseneclc,
697 3736 827 3796 Ordinis
854 3736 1040 3807 Willwlmi,
1066 3739 1180 3800 Cursor
1199 3745 1236 3804 in

193 3837 387 3918 Theologia,
423 3837 583 3916 Magistro
612 3836 745 3896 Ortuino
769 3837 880 3896 Granio
896 3838 928 3946 dl
946 3839 991 3899 D.
1011 3858 1154 3898 nemro-

588 3957 755 3996 ¹eresrmnm.

188 4073 347 4136 Anaturn
364 4093 467 4134 sumus
487 4051 619 4153 proclivi
640 4073 679 4134 ad
699 4075 824 4150 malum,
845 4081 881 4134 ut
898 4074 1030 4157 legimus
1043 4073 1078 4137 in
1097 4075 1238 4140 Anthen—
1274 4139 1282 4150 ,

105 4173 187 4236 licie.
236 4173 314 4235 Ideo
340 4173 424 4234 inter
452 4170 591 4233 homines
616 4173 757 4236 eudimus
784 4193 907 4255 semper
931 4178 1024 4257 pluro
1049 4179 1239 4260 malequam
1289 4243 1293 4258 ι

105 4274 203 4335 bone.
241 4274 309 4354 Ego
329 4271 484 4356 disputari
503 4293 605 4354 nuper
624 4272 660 4335 in
679 4274 854 4339 Wormctie
872 4295 944 4339 cnm
971 4277 1089 4347 duobus
1108 4279 1239 4357 iudaeis,
1312 4317 1317 4334 r
