2872 4722
400 269 946 363 ouscuu.v‘1nou.
1043 263 1085 330 ¹·
1173 293 1232 358 151

104 451 233 534 scripsi,
253 451 329 532 quis
348 449 429 527 scio,
467 449 550 532 quod
568 467 626 512 vos
642 449 735 514 etism
755 471 845 534 ssepe
866 449 1020 513 distillatis
1039 471 1096 534 per
1114 425 1231 514 filtrum

103 564 136 613 ct
155 572 211 632 per
234 570 357 611 saccum
367 593 379 625 ,
401 560 475 612 tunc
493 549 674 632 pracsertim
697 571 769 613 cum
785 549 886 611 fuistis
906 549 1007 612 sdiiuc
1024 571 1156 626 mecum,
1176 551 1245 611 ubi·

103 672 160 732 ego
180 649 318 710 didicis
338 648 444 724 vobis,
476 659 508 710 et
534 658 580 709 est
604 648 639 708 in
660 649 741 718 bons
769 649 830 710 fids
850 649 967 730 optima
987 670 1056 718 urs:⁴
1088 671 1143 731 ego
1166 670 1228 710 non

101 750 215 811 sellam
246 767 354 810 carere
383 758 506 810 centum
538 747 648 814 aureis,
709 747 799 816 Dixit
830 747 910 822 milri
938 750 1119 829 nuperrime
1138 770 1228 824 unus,

101 847 183 928 quod
206 847 328 910 hebetis
348 849 460 908 multos
482 847 618 923 fructus,
640 856 671 908 et
683 845 780 930 piru
799 855 830 910 et
850 867 958 928 pomo,
986 861 1016 906 et
1033 849 1154 912 botros:
1198 857 1229 907 et

101 967 170 1006 cum
191 945 264 1006 estis
287 946 321 1005 iu
342 945 477 1046 hospitio
498 955 617 1020 vestro,
644 945 802 1028 quianon
822 944 940 1012 hahetis
959 939 1116 1028 proprium
1139 967 1228 1006 meu-

99 1065 161 1104 tam
182 1043 218 1104 5¹¹
240 1044 350 1114 domos
391 1053 467 1108 tune
486 1043 605 1111 hebetis
623 1065 768 1126 magnum
789 1045 962 1121 camisum,
1004 1047 1037 1106 iu
1064 1065 1156 1126 quem
1178 1043 1227 1103 di-

98 1142 219 1202 stilletis
240 1151 272 1200 et
293 1143 427 1204 simellss
448 1151 480 1204 et
500 1156 608 1204 assatus
627 1165 711 1221 sves,
731 1155 764 1206 et
783 1164 901 1220 carues,
920 1157 950 1206 et
968 1145 1011 1205 its
1028 1143 1158 1226 pulchre
1177 1143 1224 1204 fa-

98 1240 165 1300 citis
186 1240 436 1316 distillationem,
456 1251 491 1303 nt
510 1263 602 1308 nemo
623 1242 720 1320 uidit,
739 1243 823 1324 quod
843 1263 898 1324 ego
921 1243 1032 1304 miror:
1053 1242 1107 1302 sed
1122 1241 1223 1316 credo,

96 1339 158 1398 hoc
175 1339 297 1408 habetis
317 1361 357 1404 ex
377 1341 470 1422 lungo
490 1363 565 1404 usu:
586 1363 660 1408 usus
677 1341 762 1416 enim·
780 1343 858 1408 facit
878 1352 974 1410 urtesn
984 1384 993 1414 ‚
1012 1351 1048 1403 ut
1062 1341 1138 1410 dicit
1148 1341 1224 1401 Phi-

95 1438 246 1519 losophus
266 1444 350 1500 nouo
371 1439 583 1519 Physicmum.
623 1441 727 1506 Audio
748 1442 855 1516 etiam,
876 1441 960 1522 quod
980 1438 1099 1506 hebetis
1118 1439 1223 1502 vobis-

12 1605 14 1611 ,
94 1539 171 1597 bum
200 1558 295 1602 unam
326 1538 489 1614 annisu,
523 1560 602 1620 quse
628 1562 693 1614 nup
719 1540 805 1612 videt
828 1543 999 1615 benorum
1029 1559 1094 1610 uuo
1112 1539 1221 1600 oculo:

12 1703 14 1710 Α
94 1657 154 1716 cgo
170 1636 271 1698 miror
289 1637 438 1716 profecto,
458 1639 542 1720 quod
562 1639 663 1701 adhuc
681 1640 806 1721 potestis
827 1660 891 1700 csse
909 1639 945 1699 in
964 1648 1053 1699 nocte
1066 1659 1147 1698 unus
1161 1639 1220 1712 vir,

12 1723 13 1726 ¹
93 1735 226 1800 et.estis
243 1745 305 1802 tam
323 1746 503 1812 tonsuret,
531 1738 615 1818 quod
634 1735 712 1810 inihi
732 1739 867 1810 maxime
887 1739 1001 1812 mirum
1018 1746 1080 1822 est,
1104 1736 1220 1812 audivi,

92 1835 184 1915 qnod
206 1855 258 1900 res
274 1845 371 1896 vestra
388 1836 473 1899 stetit
493 1856 556 1906 uns
575 1837 705 1911 stelione
734 1838 774 1909 sd
799 1859 855 1911 sess
880 1836 1099 1912 hebdomadas,
1137 1835 1220 1917 quod

13 1992 18 1999 ,
91 1956 159 1994 uon
182 1934 326 2018 potuistis
343 1935 482 2010 flectere,
516 1946 546 1996 et
564 1957 619 2000 vos
640 1937 776 2012 dixistis,
810 1937 893 2017 quod
920 1949 999 1996 essct
1016 1955 1056 1995 ex
1085 1933 1220 1994 infirmi-

12 2024 16 2099 ζ
90 2042 163 2093 tate.
206 2034 236 2092 Ο
251 2033 319 2107 dic,
358 2035 386 2094 si
408 2033 499 2094 ettam
518 2033 663 2101 haberem
682 2037 775 2096 talem
798 2035 1025 2109 infirmitatem,
1051 2055 1144 2114 quam
1164 2034 1220 2093 bo-

92 2152 150 2191 nus
169 2131 273 2192 socius
292 2143 369 2194 tuuo
395 2133 492 2196 velim
518 2138 602 2196 csse!
629 2136 707 2212 ,Sed
733 2135 850 2195 credite
875 2135 972 2208 mihi,
1013 2153 1077 2192 nou
1094 2153 1218 2213 possum

91 2230 245 2310 amplius,
265 2231 347 2291 sicut
364 2231 442 2294 scivi
460 2231 495 2292 in
514 2232 691 2312 juventute5
716 2233 853 2314 percussi
872 2243 960 2293 extra
972 2231 1097 2291 domum
1118 2251 1216 2290 meam

90 2329 223 2388 coccam
245 2342 320 2390 aute.
337 2340 471 2410 quatuor
491 2330 713 2408 hebdomadas,
752 2342 816 2393 tum
844 2331 899 2391 din
929 2340 992 2403 est,
1035 2327 1118 2408 quod
1137 2328 1218 2387 nihil

88 2428 188 2508 magis
207 2431 308 2508 potui.
368 2430 422 2490 Est
442 2427 543 2490 adhuc
562 2451 678 2505 unum,
711 2431 795 2512 quod
813 2430 888 2491 volo
905 2437 1099 2508 vesperem,
1129 2435 1215 2486 antc-

88 2547 188 2607 quam
222 2527 337 2586 seciam
367 2507 614 2604 conclusionem,
657 2529 684 2604 si
709 2527 827 2590 hebetis
858 2528 992 2608 aliquem
1012 2544 1144 2605 puerum
1164 2526 1215 2586 vel

24 2695 25 2698 Ἴ
87 2627 373 2706 consanguineum„
392 2629 444 2690 vel
465 2629 493 2688 si
511 2628 595 2690 scitis
615 2629 731 2702 bouum
752 2629 902 2702 nmirum,
923 2627 977 2706 qni
997 2624 1089 2686 habet
1114 2635 1145 2686 et
1160 2623 1215 2684 de-

24 2721 29 2802 s
88 2727 137 2786 bet
158 2725 292 2786 studens
309 2725 395 2802 ficri,
425 2740 498 2788 tunc
517 2729 630 2788 mittite
650 2730 713 2789 huc
733 2729 772 2790 ad
792 2729 899 2810 Lipsig
921 2726 960 2785 ad
983 2745 1048 2804 me;
1079 2745 1137 2786 nos
1157 2723 1214 2784 ha-

16 2815 27 2906 ηῘ
88 2826 197 2886 bemns
219 2826 335 2885 multos
354 2826 458 2888 doctos
477 2827 638 2908 Magistros
658 2829 741 2909 apud
760 2849 835 2902 nos,
872 2838 902 2885 ct
927 2823 1075 2885 habemus
1097 2825 1214 2884 bunum
1322 2859 1323 2862 =

89 2925 253 2985 comedere
273 2926 307 2984 iu
327 2925 420 2984 bursa
440 2936 559 3002 nostra,
582 2937 613 2987 et
632 2927 771 3007 quotidie
790 2937 905 3008 septem
927 2925 1049 2985 fercula
1067 2923 1125 2997 bis,
1147 2944 1214 2983 ma-

21 3015 30 3100 [[
89 3045 127 3084 ue
147 3034 179 3084 et
199 3044 281 3084 sero
324 3025 448 3085 Scilicet
466 3026 605 3106 primum
623 3026 738 3087 dicitur
756 3025 955 3107 Semper,'id
976 3033 1022 3084 est
1042 3022 1215 3086 Teutonico

13 3105 31 3200 c
92 3123 200 3183 Grir'ts.
263 3124 457 3184 Secundums
477 3124 651 3200 Cuntinus,
671 3129 722 3184 cin
735 3127 832 3204 Supp.
873 3124 1033 3185 Tertium:
1054 3121 1234 3199 Quotidie,¹

89 3213 200 3295 idest,
224 3225 329 3290 Muss-v
368 3225 539 3300 Quartum:
576 3225 786 3305 Frequenter,
824 3223 858 3284 id
878 3233 938 3297 est,
958 3203 1212 3300 magerrteiscls
1269 3217 1307 3270 Ἃ
1422 3193 1423 3200 ¹

22 3373 29 3404 ἃ
91 3319 263 3396 Quintums
309 3324 418 3396 Raro,
435 3322 470 3383 id
495 3333 557 3397 est,
593 3323 770 3391 Gebrutessc,
808 3325 952 3400 Sextum:
978 3318 1160 3396 Nunquam,
1180 3319 1213 3378 id

92 3428 151 3494 est,
170 3423 270 3480 Kasc.
311 3420 498 3502 Septimnmr
537 3421 731 3501 Aliquando,
753 3420 869 3495 idest,
895 3419 1013 3498 Aepfsl
1030 3417 1098 3477 und
1120 3419 1212 3481 Birn.

20 3503 33 3602 i
90 3517 127 3577 Et
148 3536 223 3578 cum
242 3519 470 3581 hoc-habemus
489 3521 603 3580 bonam
623 3513 820 3602 potationem,
861 3521 939 3598 qnae
960 3517 1075 3588 ‹Ecitur
1095 3517 1212 3576 Csves-
1314 3511 1316 3518 ‘

91 3628 161 3678 tum.
201 3619 287 3680 Ecec
309 3619 423 3690 videte,
444 3641 509 3680 non
530 3630 575 3681 est
592 3620 686 3680 sutis?
725 3619 819 3682 Illum
841 3617 981 3678 ordinem
1005 3635 1125 3694 ssurper
1147 3635 1213 3676 ser-

12 3702 34 3738 ⁵
91 3734 191 3779 ramus
216 3738 275 3796 per
293 3726 391 3778 totum
411 3739 539 3793 anunm,
574 3731 605 3778 et
623 3718 767 3780 lsttdatur
787 3719 825 3778 eb
845 3717 999 3802 ompibuss
1036 3713 1098 3773 Sed
1111 3723 1213 3774 tamen

23 3823 28 3904 ζ
91 3811 121 3872 in
155 3815 403 3880 habitationibus.
427 3822 541 3882 nostris
573 3805 912 3880 extraordinariorum
943 3815 1091 3876 habemus
1116 3814 1213 3876 multa
1281 3818 1284 3826 '

16 3899 37 3992 s
91 3915 266 3990 comedere,
300 3918 496 3998 quodetiam
516 3940 581 3980 non
601 3928 680 3980 esset
699 3917 828 3992 bonum,
862 3916 937 3978 alias
957 3913 1041 3976 enim
1061 3911 1212 3992 suppositi
1284 3919 1287 3928 '

12 4029 37 4102 *f
92 4015 186 4074 nostri
206 4036 272 4076 non
291 4018 457 4082 studerent.
516 4022 626 4100 Quare
646 4038 722 4102 ergo
737 4015 846 4100 scripsi
865 4015 902 4082 sd
923 4013 1125 4109 habitationes
1146 4030 1213 4070 om-

12 4101 39 4150 ³
93 4111 176 4172 nium
195 4113 269 4176 illos
286 4113 364 4180 duos
386 4139 512 4182 versus:
748 4125 751 4131 '
791 4102 795 4109 x
1210 4123 1216 4129 “
