2840 4718
210 315 279 382 386.
564 309 1050 376 nlsuocrvln‘

215 472 256 534 de
273 465 454 534 maledictis.
493 465 535 530 ut
553 467 635 528 sicut
656 467 806 550 scriptum
828 479 875 534 est
891 469 932 530 de
950 467 1026 530 liliis
1042 467 1141 532 Israel
1159 467 1194 530 in
1218 467 1337 552 Egypto,

216 572 318 653 quod,
333 563 463 651 'qnando
484 568 582 650 magis
604 568 862 648 opprimebantur
880 589 899 628 a
919 569 1083 630 Pharaone
1103 571 1170 630 luto
1192 579 1224 631 ct
1241 569 1337 646 latere,

216 680 301 732 tanto
322 667 608 750 multiplicabantur
625 667 683 730 illi.
728 669 770 730 tet
787 689 889 743 ¹utine,
912 689 945 728 so
963 671 1066 728 tossen
1086 674 1132 730 sie
1151 689 1211 730 aus
1227 672 1337 748 singen,

217 770 285 833 ancl
303 769 421 828 bleibeic
436 769 482 826 sie
502 766 580 848 auff
594 768 659 826 irer
680 769 803 838 Weiss,
844 778 876 828 et
894 769 978 830 uilril
995 771 1143 844 facimus,
1184 767 1249 828 nisi
1266 769 1337 850 quod

216 869 435 935 confundimus
456 889 513 928 nos
535 868 626 948 ipsos.
666 868 717 926 De
738 867 794 926 illo
810 867 965 927 haeretico
985 881 1091 928 temen
1103 887 1202 950 pauca
1218 868 1338 947 loquen-

217 970 257 1031 do
280 987 351 1028 cum
373 967 626 1047 supportatione,
666 965 693 1024 si
713 975 797 1026 recte
817 967 960 1028 volumus
981 966 1193 1041 considerare,
1223 965 1337 1038 habebi·

215 1089 285 1132 mus
305 1066 351 1125 ibi
370 1085 470 1126 unum
493 1067 625 1126 alterum
645 1067 794 1126 Ioannem
809 1067 908 1126 slusa:
930 1077 961 1127 et
980 1068 1059 1128 bene
1075 1085 1241 1147 possemus
1260 1066 1338 1126 nobis

215 1170 354 1229 formare
372 1185 487 1225 nomen
508 1165 694 1238 immortale,
716 1164 743 1223 si
763 1167 1019 1227 combusserimus
1040 1165 1131 1226 etiam
1152 1165 1256 1238 illurn,
1272 1164 1338 1227 sicut
1404 1175 1405 1178 ’

214 1267 307 1328 Huss·
370 1264 433 1324 Sed
455 1275 578 1345 oportet
597 1285 653 1326 nos
673 1264 753 1325 bene
784 1285 850 1326 esse
879 1265 1115 1346 circumspectos
1142 1274 1173 1326 ct
1202 1265 1338 1326 comatic-

214 1385 264 1428 res
274 1408 284 1439 ‚
308 1383 406 1442 qnam*
421 1365 457 1426 in
480 1365 622 1425 Concilio
644 1363 872 1424 constantiensi
891 1365 1139 1447 praedecessores
1158 1365 1261 1424 nostri
1279 1363 1338 1422 fus·

214 1473 289 1528 runt
316 1463 490 1524 haereticae
512 1463 673 1543 pravitatis
698 1463 858 1544 Magistri,
890 1465 982 1524 etiam
1009 1463 1126 1525 ordinis
1148 1463 1337 1528 Praedicato-

213 1553 306 1633 rum,
329 1561 385 1643 qui
404 1562 453 1636 vi,
474 1562 604 1636 frande,
625 1572 656 1621 ct
673 1560 761 1630 dolo,
782 1562 983 1624 dissolutione
995 1573 1166 1642 pactorum,
1190 1562 1337 1641 juramen·

110 1729 111 1738 χ
213 1677 319 1724 torum
346 1663 499 1722 fractione
529 1670 559 1722 et
588 1660 682 1722 totius
712 1661 816 1722 torma
843 1663 921 1741 juris
949 1664 1087 1743 neglecta
1117 1672 1148 1721 et
1184 1661 1337 1742 praeterita

215 1783 257 1823 ex
276 1781 363 1822 mern
382 1759 504 1821 invidia
526 1761 758 1821 combusserant
778 1762 879 1823 illum.
913 1764 1002 1840 Qnae
1023 1762 1154 1823 insidiae
1173 1760 1239 1841 jam
1258 1762 1337 1822 inno·

164 1927 166 1932 ,
213 1871 342 1923 tucrunt
362 1860 521 1941 pluribus,
544 1871 575 1918 et
594 1859 644 1918 illi
661 1859 697 1918 in
717 1859 807 1920 libris
827 1863 889 1922 suis
911 1861 1067 1934 scribunt,
1096 1861 1158 1936 ita,
1182 1861 1268 1940 quod
1284 1879 1336 1918 nou

214 1981 376 2042 possumus
398 1960 535 2048 amplius
552 1959 663 2018 celare.
702 1959 747 2018 lta
767 1961 852 2040 quod
872 1959 1065 2022 verificatum
1087 1971 1132 2020 est
1150 1961 1244 2034 illud,
1267 1957 1336 2038 quod

214 2061 270 2120 ille
293 2058 427 2118 diucitin
448 2059 610 2130 extremis,
652 2056 775 2135 qnando
805 2059 869 2120 fuit
893 2060 1027 2120 'traditus
1050 2059 1180 2126 brachio
1201 2058 1336 2120 saeculari

215 2161 255 2222 ad
276 2158 537 2221 comburendum:
557 2157 652 2232 „Post
673 2169 798 2220 centum
818 2179 915 2220 annos
938 2160 1144 2239 cognoscetis,
1165 2159 1267 2238 qualis
1277 2152 1335 2218 sue-

215 2260 259 2324 rit
279 2259 420 2321 doctrina
442 2279 510 2317 mea
533 2267 563 2318 et
581 2276 644 2316 sua
665 2267 762 2316 semet
781 2259 892 2338 prodet
911 2259 1056 2319 venum
1117 2259 1254 2320 Centum
1273 2255 1335 2318 anui

214 2361 278 2442 jam
300 2363 401 2422 ferme
419 2357 518 2438 elapsi
538 2365 629 2416 sunt:
664 2357 783 2418 revixit
801 2359 874 2432 ille,
908 2368 940 2418 et
965 2377 1071 2418 omnes
1096 2358 1171 2418 libri
1195 2358 1261 2440 ejus
1276 2367 1334 2418 sunt

214 2445 374 2541 impressi,
416 2471 447 2517 et
466 2458 528 2517 nisi
546 2476 652 2516 suman
672 2457 840 2532 caeciores,
861 2476 955 2538 quam
977 2459 1095 2538 talpae,
1131 2467 1211 2520 tunc
1230 2463 1334 2538 oportet

214 2579 272 2619 uos
293 2557 434 2618 confiteri
454 2555 489 2616 iu
508 2565 643 2629 secreto,
666 2553 749 2635 quod
768 2556 817 2617 illi
837 2557 920 2618 facta
940 2571 984 2618 est
1003 2557 1119 2638 injuria
1126 2599 1137 2632 ,
1171 2567 1205 2618 et
1225 2557 1272 2618 illi
1289 2576 1334 2636 pa·
1400 2623 1401 2627 η

216 2646 278 2718 'tres
298 2655 397 2716 nostri
425 2658 555 2717 fuerunt
580 2655 746 2732 haeretici,
789 2659 851 2736 qui¹
871 2678 943 2718 enm
965 2659 1208 2720 combusserunt.
1265 2658 1334 2734 Ergo

217 2757 308 2817 alitor
341 2756 404 2835 jam
438 2767 484 2816 est
518 2755 712 2816 faciendum:
754 2765 858 2816 tamen
894 2777 960 2818 non
990 2759 1069 2818 bene
1101 2757 1203 2820 audeo
1238 2755 1334 2818 dicere.

217 2857 347 2935 Hogstr.
370 2855 488 2916 Dicatis
508 2855 670 2928 audacter,
702 2853 784 2914 nihil
803 2866 910 2931 nocet,
942 2877 999 2918 nos
1020 2877 1125 2918 sumus
1145 2857 1201 2916 lric
1220 2857 1273 2916 sub
1289 2873 1333 2916 ro·

217 2975 267 3027 aa,
289 2965 320 3011 et
341 2953 470 3032 quilibet
488 2965 587 3034 potest
605 2954 727 3036 dicere,
756 2955 839 3034 quod
864 2956 941 3016 vult.
1003 2958 1065 3016 Sed
1084 2955 1184 3016 nolite
1205 2967 1265 3014 tam
1283 2955 1334 3014 alto

202 3051 366 3124 clamare,
388 3053 466 3112 sient
487 3054 612 3128 rustici,
633 3053 769 3114 cohibito
789 3049 948 3136 paulisper
968 3075 1095 3130 rocam,
1123 3076 1164 3116 nc
1186 3057 1267 3118 forte
1285 3053 1333 3114 ali·

218 3152 286 3232 quis
306 3152 399 3210 lateat
418 3152 452 3210 in
472 3152 599 3212 fornace
619 3163 650 3214 et
670 3153 784 3214 audiat.
849 3155 932 3218 Stes.
959 3154 1024 3214 Vos
1050 3155 1165 3219 fecistis
1188 3175 1282 3217 unum
1298 3152 1333 3212 li-

217 3251 326 3324 brum,
350 3249 388 3310 de
408 3249 594 3330 inquirenda
614 3253 756 3312 doctrina
769 3252 1016 3325 baereticorum,
1042 3254 1077 3316 in
1097 3276 1159 3335 quc
1182 3251 1333 3337 proceditis

218 3350 387 3412 secundum
409 3351 535 3410 modum
558 3351 737 3434 antiquum,
774 3352 921 3428 videlicet
947 3352 1092 3414 Roalium
1119 3365 1150 3416 ct
1170 3353 1333 3416 Thonista-

217 3470 308 3523 rum,
329 3459 361 3509 et
380 3449 497 3524 dicitis,
519 3451 602 3530 qaod
623 3471 689 3512 nou
708 3451 816 3512 debeat
839 3451 942 3514 audiri
963 3451 1146 3530 haereticus,
1168 3467 1205 3516 ut
1224 3475 1255 3514 se
1266 3470 1333 3533 pur·

217 3559 269 3630 get
288 3547 340 3608 vel
361 3557 502 3622 excuset,
521 3549 575 3610 sed
594 3560 714 3610 tantum
735 3550 870 3629 inquiri,
892 3562 998 3612 utrum
1018 3554 1105 3614 cedat
1124 3555 1159 3627 in
1178 3553 1332 3614 Ecclesiam
1397 3540 1400 3614 Ῐ

152 3693 154 3697 -
217 3649 391 3708 Romanam
413 3648 464 3708 vel
484 3669 559 3710 non.
583 3649 618 3708 Si
637 3649 700 3722 sic,
721 3649 817 3724 benc,
838 3651 864 3710 si
880 3653 1172 3727 noncomburatur,
1195 3652 1332 3714 otetian-
1397 3697 1398 3726 3

218 3747 246 3806 si
266 3747 365 3806 fuerit
382 3759 507 3808 sanctus
527 3749 642 3808 Paulus
671 3748 722 3807 vel
746 3751 881 3826 Angues
904 3748 942 3808 de
962 3752 1068 3814 coelo:
1128 3753 1193 3813 imo
1212 3751 1240 3812 si
1259 3748 1333 3812 revi-
1397 3751 1398 3770 ³

217 3846 372 3908 visocrent
394 3865 500 3906 omnes
521 3849 671 3908 Doctores
693 3847 829 3926 antiqui,
872 3857 902 3908 et
921 3846 981 3908 hoc
1002 3871 1066 3911 nou
1086 3851 1261 3923 crederent,
1285 3847 1332 3906 dc·

144 3995 150 4016 2
219 3944 326 4006 bereut
346 3941 487 4004 comburi
515 3946 702 4007 immediate.
764 3947 832 4005 Ho'c
861 3947 938 4008 mihi
959 3969 1118 4030 nunquam
1139 3949 1271 4031 placuit,
1308 3952 1332 4004 et

218 4052 263 4128 est
285 4041 361 4100 milri
382 4041 515 4118 mirum,
549 4065 623 4106 cum
643 4046 727 4106 idem‘
747 4045 895 4111 Pontifex
913 4047 1072 4110 Romanus
1096 4049 1259 4112 absolverit
1285 4062 1332 4106 voa

218 4141 256 4198 ab
275 4141 374 4198 officio
394 4153 497 4202 vestro
517 4141 690 4206 baereticae
710 4145 887 4224 pravitatis,
929 4158 960 4203 et
988 4147 1080 4208 etiam
1107 4151 1177 4218 estis
1196 4145 1332 4208 confusus

217 4236 254 4296 in
284 4255 374 4302 causa
399 4239 570 4316 Reuclslin,
612 4243 656 4302 ita
681 4244 765 4324 quod
789 4243 853 4322 jam
881 4263 987 4309 omnes
1008 4266 1063 4308 ros
1083 4247 1206 4328 odiunt,
1250 4246 1331 4309 etiam
