2872 4722
200 323 306 426 toa¹
549 325 961 414 ‚yarrsuouau

200 485 295 577 bilem
306 525 316 560 ‚
337 483 393 566 qui
413 479 493 546 bibit
510 478 681 550 nobiseum.
720 481 791 564 Ipse
811 491 857 545 est
877 480 916 546 de
938 479 1060 544 Ordine
1079 479 1331 560 carmelitarum,
1419 557 1420 568 χ

199 595 232 644 et
247 592 337 644 natus
357 602 396 642 ex
411 581 592 658 Brabantia,
626 591 657 644 et
678 581 758 644 dixit
776 601 848 643 oum
869 601 980 664 magna
1003 580 1167 662 gravitate:
1210 583 1330 646 eximie
1412 629 1420 678 3

199 682 267 756 vir,
299 681 436 743 Domine
455 680 705 746 Protonotariel
728 680 893 761 quoniam,
920 693 956 741 ut
975 679 1051 742 dicit
1070 680 1267 758 Aristoteles,
1290 683 1331 744 de
1419 741 1420 746 ,

198 782 327 863 singulis
347 780 488 842 dubitare
508 801 572 842 uon
594 790 641 842 est
658 780 781 850 inatile,
802 779 1048 866 ergole'ximietas
1069 790 1172 842 restra
1191 781 1331 863 assigna·
1419 805 1420 828 ³

198 880 244 941 vit
266 879 346 940 mihi
366 875 700 962 unaru'quaaationeur.
742 876 849 960 Quare
863 879 1010 960 Magister
1025 878 1188 954 Oatninns,
1209 879 1330 943 faciens
1419 941 1420 960 ,

197 977 377 1058 imprimere
396 991 516 1042 novum
535 977 727 1061 Epistulam,
748 979 921 1043 intitulavit
940 979 1035 1046 illude
1075 974 1330 1060 „Epistolanb-

79 1160 84 1164 .
196 1097 358 1139 scarorum
387 1079 589 1140 Virorumi“
630 1079 710 1139 Cum
736 1079 829 1140 reaia
853 1079 984 1140 istorum
1017 1076 1227 1140 Domitiorum
1257 1079 1329 1140 dico
1419 1147 1420 1156 χ

197 1175 376 1272 opinionem
397 1197 507 1244 meam.
549 1178 656 1254 Quare
675 1179 823 1258 Magister
846 1179 1013 1255 Ortuinus,
1034 1177 1089 1258 qui
1108 1187 1154 1238 est
1170 1179 1222 1240 vir
1235 1179 1329 1239 valde

195 1275 371 1354 profundus
392 1286 422 1336 et
442 1277 666 1357 speculativas,
701 1278 829 1358 mystice
854 1276 1023 1358 appellavit
1048 1276 1162 1338 amieos
1182 1297 1254 1338 snos
1271 1279 1328 1339 ob-

195 1393 299 1437 scuros
320 1375 423 1449 viros,
444 1377 518 1456 quia
536 1377 632 1438 semel
646 1375 709 1456 legi
730 1397 825 1437 unum
846 1375 1057 1438 auctoritatem
1069 1418 1078 1453 ,
1113 1376 1198 1457 quod
1212 1379 1328 1439 veritas
1419 1397 1420 1418 ³

196 1473 271 1538 latet
291 1473 325 1532 in
346 1475 492 1534 obscuris.
554 1477 596 1536 Et
619 1495 691 1555 ergo
714 1475 790 1536 dlcit
809 1477 882 1536 lob:
923 1475 1011 1553 „Qui
1031 1476 1150 1536 revelat
1168 1477 1328 1557 profunda
1419 1501 1420 1504 ¹

195 1573 359 1651 tenebunt
423 1574 502 1640 Item
530 1572 673 1640 Micheas
693 1577 831 1664 *septimo
858 1575 994 1655 legitur:
1034 1575 1139 1651 „Cum
1165 1577 1274 1639 sedero
1293 1579 1328 1638 in

196 1673 344 1746 tenebris,
367 1673 521 1740 Dominus
541 1675 600 1739 lux
621 1694 690 1738 mea
711 1678 785 1739 est.“
826 1677 867 1740 Et
888 1675 1002 1740 iterum
1022 1677 1149 1748 Job.28.
1190 1677 1328 1750 „Trahi-

81 1767 89 1770 ”
194 1783 247 1838 tur
271 1782 373 1840 autem
386 1772 544 1860 'sapientia
569 1773 608 1834 de
629 1773 786 1839 occultis.‘.‘
842 1775 1041 1856 Quapropter
1059 1775 1211 1856 Virgilius
1231 1777 1326 1837 dixit:
1419 1763 1420 1838 ?

170 1924 180 1930 .
196 1871 344 1932 Obscuris
364 1891 439 1938 vera
458 1873 492 1940 iu
513 1874 668 1950 obscuris,
690 1873 770 1937 sieut
790 1893 846 1954 ego
862 1873 969 1966 audivi
988 1875 1025 1939 ab
1045 1875 1122 1941 aliis·
1176 1877 1217 1939 Et
1236 1877 1328 1936 datur
1419 1867 1420 1930 j

195 1969 344 2050 intelligi,
366 1972 448 2056 quod
468 1972 615 2051 Magister
636 1972 789 2036 Ortuinus
804 1983 835 2032 et
854 1973 903 2032 sui
924 1972 1016 2033 amici
1036 1985 1109 2034 sunt
1127 1975 1221 2051 tales,
1243 1975 1327 2053 quod
1419 2021 1420 2042 ,

190 2067 360 2146 ¹inquirunt
378 2073 743 2154 secretascripturarum,
764 2084 795 2132 et
814 2073 995 2149 veritatem,
1015 2083 1046 2132 et
1057 2073 1204 2154 justitiam
1228 2084 1259 2134 et
1279 2095 1329 2138 sa·
1419 2067 1420 2132 Ῑ

155 2221 157 2226 ,
194 2169 354 2254 pientiam,
376 2191 454 2249 quae
468 2190 533 2230 non
547 2179 648 2250 potest
667 2171 801 2253 intelligi
820 2172 858 2232 ab
878 2167 1037 2246 oinnibus,
1059 2172 1119 2231 nisi
1139 2175 1177 2233 ab
1189 2173 1252 2248 his,
1272 2170 1328 2252 qni

194 2281 269 2328 sunt
288 2269 458 2330 illuminati
479 2293 497 2330 a
511 2271 657 2331 Domino.
700 2273 791 2333 Unde
814 2266 938 2352 Regum
957 2273 1030 2332 138:
1059 2273 1167 2348 „Quia
1181 2274 1328 2334 tenebrae

167 2439 169 2443 ¹
195 2389 261 2431 uon
281 2365 527 2432 obscurabuntur
548 2379 628 2446 ate,
656 2380 687 2430 et
707 2391 771 2432 nox
791 2371 871 2432 sicut
892 2371 958 2430 dies
973 2369 1234 2434 illuminabitur.“
1277 2375 1330 2432 Si·-

196 2481 250 2528 cut
269 2470 414 2553 tenelr'rae
428 2469 509 2550 ejus,
528 2469 573 2530 ita
593 2482 624 2530 et
644 2471 752 2534 lumen
764 2472 838 2552 ejus.
877 2468 1042 2549 Postquam
1062 2469 1123 2530 alia
1141 2471 1330 2554 dixitvprae·

196 2567 296 2630 dictus
310 2568 515 2650 Religiosus,
533 2589 639 2630 omnes
659 2579 864 2661 respexerunt
882 2587 949 2642 me,
985 2567 1013 2628 ai
1033 2587 1128 2628 essem
1154 2579 1328 2631 contentus.

94 2716 96 2719 .
195 2670 262 2749 Ego
284 2677 386 2730 autem
402 2669 535 2748 eogitari
555 2669 696 2750 desuper.
737 2671 829 2730 Tunc
855 2669 919 2729 fuit
937 2666 983 2727 ibi
1001 2668 1205 2739 Bernhardus
1230 2670 1328 2752 &Mi

123 2811 125 2830 .
196 2767 345 2846 Magister
364 2767 598 2842 Parthisiensia‚
619 2770 675 2848 qui
695 2779 740 2830 est
757 2769 894 2848 juvenis3
929 2766 984 2826 sed
999 2767 1112 2842 audio,
1130 2767 1214 2848 quod
1233 2767 1329 2830 habet

195 2867 315 2928 bonum
333 2867 510 2946 ingenium,
531 2875 575 2926 et
595 2868 686 2930 valde
713 2869 830 2942 studet,
858 2875 889 2928 et
907 2868 987 2928 bane
1003 2867 1126 2949 profieit
1143 2870 1177 2928 in
1199 2869 1328 2942 artibus,
1419 2939 1420 2942 Ἴ

197 2975 228 3026 et
242 2966 334 3026 etiam
352 2966 386 3025 in
400 2965 574 3047 Theologis
590 2967 683 3028 habet
701 2967 819 3028 bonum
838 2967 1083 3056 fundamentum.
1124 2965 1210 3047 lpse,
1239 2987 1329 3028 more
1419 2951 1420 3021 i

196 3066 287 3128 solito
311 3087 438 3126 movens
458 3079 550 3146 caput
570 3067 644 3130 hino
665 3066 753 3141 inde,
775 3076 806 3126 et
818 3066 946 3142 videns,
968 3067 1130 3128 austeriter
1152 3067 1246 3127 dixit:
1267 3067 1328 3126 soi·
1419 3055 1420 3082 ³

196 3165 269 3240 to‘te,
291 3165 420 3257 Domini
442 3165 521 3239 mei,
546 3167 629 3246 quod
647 3176 692 3226 est
709 3185 819 3246 magna
840 3165 1031 3227 rationabilis
1047 3185 1150 3225 eausa:
1181 3165 1328 3244 Magister

198 3265 351 3327 Ortuinus
369 3265 445 3326 tecit
465 3265 525 3324 hoo
540 3277 669 3350 propter
681 3265 898 3326 humilitatem.
961 3264 1118 3342 Quoniam
1139 3265 1218 3326 siout
1236 3275 1329 3345 pote·
1419 3277 1420 3351 ᾗ

197 3365 368 3444 ariamiro,
406 3365 545 3449 quamvis
563 3367 662 3425 'etiam
685 3385 749 3424 non
777 3365 903 3446 potestis
924 3364 1019 3440 scire,
1052 3364 1105 3424 sed
1124 3383 1329 3444 praesumem·
1419 3413 1420 3456 1

198 3465 282 3523 dum
300 3476 346 3524 est
364 3467 447 3548 quod
465 3466 567 3534 scitis,
598 3464 751 3544 quomodo
768 3473 848 3543 antex
859 3475 921 3526 tres
942 3483 1038 3524 annos
1049 3462 1327 3534 loann.Reuohlin

198 3563 314 3624 faciens
329 3566 511 3645 imprimere
532 3565 703 3646 Epistolare
724 3565 895 3624 amicorum
917 3583 1060 3637 suorum,
1093 3562 1268 3624 intitulavit
1287 3561 1329 3621 il-

198 3662 255 3722 lud
274 3663 429 3743 Epistulae
449 3661 615 3726 Clarorum
634 3665 793 3730 Virorum.
836 3661 930 3742 Quod
955 3661 1151 3723 considerans
1179 3663 1329 3743 Magister
1419 3719 1420 3724 ,

97 3799 102 3810 ,
137 3829 141 3840 .
199 3761 368 3838 Ortuinus,
392 3773 422 3824 et
442 3767 575 3844 multum
595 3764 728 3845 desuper
746 3763 916 3843 pensitans,
949 3761 1030 3822 dixit
1051 3761 1091 3822 ad
1112 3762 1327 3842 semetipsumr
1419 3819 1420 3855 ἐ

199 3843 269 3920 iace
288 3861 569 3942 Rapchliucredit,
591 3864 674 3944 quod
694 3883 786 3924 nemo
806 3861 899 3922 habet
918 3860 1040 3935 amicos,
1061 3861 1123 3921 uisi
1137 3861 1213 3942 ipae.
1240 3858 1329 3938 Quid
1419 3863 1420 3911 ἒ

101 3993 105 4006 x
199 3961 407 4038 valefacere,
429 3963 456 4024 si
477 3983 534 4044 ego
554 3961 797 4042 ostendo,'quod
816 3959 915 4019 habeo
939 3960 1031 4020 etiam
1051 3960 1182 4034 amieos,
1203 3968 1234 4019 et
1246 3960 1328 4020 bena

199 4059 353 4143 digniores
373 4081 466 4142 quam
486 4065 570 4143 ipse,
605 4072 635 4123 et
655 4062 784 4123 seientes
803 4059 907 4119 faeere
926 4058 1064 4120 earmina
1084 4068 1115 4121 et
1136 4057 1327 4130 dictamina,

199 4159 343 4222 meliores
364 4179 457 4242 quam
476 4161 526 4222 sui
555 4161 668 4221 amici?
709 4161 751 4220 Et
779 4177 852 4240 ergo
871 4157 906 4216 in
926 4156 1102 4238 despectum
1123 4157 1221 4238 ipsius
1240 4153 1329 4215 dedit

199 4257 238 4352 ad
256 4256 498 4348 imprimendum
519 4258 591 4326 istas
612 4259 778 4344 Epistulas,
821 4256 1007 4345 intitulando
1028 4250 1106 4320 easz'
1142 4255 1328 4354 „Epistulae
