2896 4716
428 321 978 390 oechn.v11t0R.
1198 323 1263 392 '291

132 483 263 546 ierkoru
277 477 373 559 dicit,
395 481 479 560 quod
488 481 527 557 in
541 481 602 543 hoe
616 481 697 544 libro
709 479 842 545 loannes
852 480 1010 544 Reuehlin
1029 481 1149 549 inravit
1161 485 1191 548 ei
1206 485 1266 548 lto·

130 601 237 644 norem
259 595 374 657 suum,
401 601 499 661 quem
527 603 591 644 nun
612 583 698 644 daret
723 603 781 664 pro
799 581 912 663 viginti
931 582 1074 644 florenis:
1108 585 1183 665 quia
1200 585 1265 646 duo

130 683 255 755 ludaei,
294 681 351 761 qui
370 680 516 742 similiter
541 683 724 745 iuraverant
744 682 774 742 sl
793 681 945 742 honorem
963 701 1077 756 sunm,
1112 683 1266 744 dederam
1321 721 1323 728 a

130 780 158 840 ei
177 779 313 862 triginta
332 777 476 844 florenos*
489 801 547 862 pro
565 801 615 840 so.
642 781 706 841 'Sit
726 801 760 848 a,
797 781 850 841 vel
867 781 905 854 b,
940 801 997 860 ego
1017 781 1151 856 vellem,
1178 782 1265 862 quod

130 882 232 940 essetis
250 881 432 940 concordes.
472 880 545 940 Non
564 879 718 940 babemus
733 879 786 940 bic
805 899 902 954 nova,
923 879 985 940 nisi
1006 879 1090 959 quod
1110 881 1168 941 ille
1184 883 1265 942 Poa-

129 991 158 1039 ta
180 973 367 1039 Ioaohimus
391 977 574 1049 Varianos,
609 979 665 1058 qui
692 989 737 1041 est
765 991 846 1041 uuus
875 998 915 1038 ex
943 977 1185 1056 R‘euublinistis,
1216 990 1265 1041 est

128 1079 227 1139 factus
250 1079 374 1149 ,Rector
401 1078 635 1140 Universitatis:
689 1077 843 1159 pertutiat
869 1079 956 1139 Deus
982 1099 1107 1140 omnem
1134 1079 1265 1141 societa-

126 1187 189 1238 tem
209 1179 379 1237 Poetarum
400 1187 432 1237 et
448 1177 657 1251 destinaram,
678 1197 719 1236 ex
737 1197 803 1236 non
823 1177 1018 1259 derelinquet
1038 1193 1137 1240 unum
1156 1197 1200 1238 ex
1219 1179 1264 1238 eis

127 1277 319 1357 mingentem
341 1276 380 1336 ed
403 1275 562 1358 parietem.
593 1345 598 1358 Ι
624 1277 690 1358 Ego
707 1275 844 1356 eogitari
850 1317 861 1351 ,
903 1277 987 1356 qod
1007 1277 1081 1338 volo
1100 1279 1263 1340 resedere:

79 1379 82 1384 '
124 1375 203 1456 qnid
225 1375 372 1436 deberem
398 1375 434 1435 in
463 1376 519 1436 illa
545 1374 754 1438 Universitate
777 1369 896 1451 secere,
940 1376 995 1436 ubi
1016 1377 1112 1438 Poeta
1135 1391 1181 1438 est
1199 1379 1263 1438 Re-

122 1485 211 1549 ctor,
251 1484 283 1534 et
296 1473 380 1534 'sunt
405 1474 458 1534 bie
485 1477 529 1535 ita
555 1473 648 1535 multi
672 1473 919 1548 Reucblinistae,
940 1476 1021 1537 sieut
1038 1475 1074 1536 in
1092 1477 1182 1539 nulla
1201 1478 1264 1538 alia

126 1573 359 1636 Universitete‘i
412 1572 539 1634 Scilicet
563 1575 667 1635 Joaelt.
694 1574 853 1636 Vedianas
871 1575 1010 1650 attactas,
1050 1584 1085 1635 et
1108 1577 1263 1657 Georgius

125 1671 320 1736 (lollianitios
338 1673 502 1733 Tansteter
527 1690 585 1754 pro
609 1673 873 1746 annonariam,
912 1675 989 1739 otim
1015 1675 1262 1753 Mathematicus,

128 1787 163 1833 et
183 1765 421 1852 cuspinianus,
443 1772 498 1852 qni
526 1781 570 1833 est
598 1774 731 1834 servitor
758 1781 789 1832 et
809 1772 1005 1834 consiliarius
1025 1775 1181 1836 Caesaris:
1221 1778 1262 1838 Et

127 1873 268 1953 qnidam,
288 1871 346 1952 qui
365 1881 496 1934 mter
519 1873 650 1932 {Ibamus
664 1870 778 1945 Rsacb,
794 1884 829 1932 et
848 1875 957 1933 &aaa
977 1875 1126 1950 Luscium
1148 1875 1203 1956 qai
1216 1885 1264 1938 est

128 1971 331 2052 compatriote
350 1970 477 2031 Ioannis
498 1971 669 2044 Reuehlin‚
693 1981 724 2032 et
742 1970 798 2030 alii
819 1973 929 2051 multi3
955 1973 1009 2033 sed
1030 1974 1179 2056 Magister
1200 1997 1261 2036 no·
1358 2007 1362 2024 ι

126 2082 188 2132 ster
200 2071 367 2131 Heekman
390 2082 435 2132 est
453 2069 493 2130 de
512 2071 565 2132 via
583 2084 705 2145 nostra,
748 2079 781 2130 et
802 2069 897 2145 dixit,
939 2073 1023 2150 quod
1048 2075 1166 2135 tenebit
1187 2096 1278 2150 cam,

126 2168 301 2250 Theologia
328 2189 428 2250 nsque
447 2169 486 2228 ad
505 2167 600 2230 finem
621 2171 704 2232 vitae
725 2188 807 2228 cuae.
857 2170 922 2249 Ipsi
943 2172 1035 2232 etiarn
1056 2175 1187 2232 multum
1206 2197 1259 2234 sa-

124 2270 204 2329 lutat
236 2288 308 2342 vos,
352 2278 384 2328 et
408 2269 559 2330 loannem
585 2267 794 2330 Plefferkorn.
850 2268 937 2328 Vale.
997 2270 1114 2331 Datum
1141 2271 1176 2331 iu
1199 2274 1259 2334 Vi-

25 2370 30 2382 “
125 2389 218 2432 euna.
279 2370 396 2430 lterum
425 2370 527 2431 valete
565 2379 629 2432 tam
662 2367 736 2443 dia,
784 2366 884 2430 denec
920 2364 1121 2431 Psefferkorn
1154 2381 1259 2434 manet

121 2467 336 2532 christianas

228 2594 377 2714 Aldertals
397 2627 535 2698 Struncb
561 2639 608 2698 M
634 2636 768 2696 Orluino
791 2625 902 2696 Gratia
922 2627 1158 2697 Damnariensi.

207 2772 459 2834 Reverenticlem
480 2773 686 2834 obedientiam
706 2773 775 2833 loco
794 2773 937 2834 salatia·
971 2775 1166 2846 Venerabilis
1187 2776 1256 2836 Do·

122 2869 210 2930 mine
230 2871 388 2952 Magister.
428 2873 516 2954 Rogo
537 2893 593 2934 vos
607 2873 800 2942 cordialiter,
821 2885 971 2954 quatenus
987 2873 1094 2958 ¹velitis
1115 2875 1257 2936 mihtin-

93 2961 101 2980 “
119 2971 270 3049 dulgere,
292 2971 376 3050 quo'd
397 2991 460 3032 non
481 2973 582 3033 scribo
603 2974 691 3034 vobis
709 2993 820 3053 saepe,
857 2975 928 3054 quia
943 2985 989 3034 est
1008 2995 1066 3054 per
1086 2976 1190 3036 Deum
1213 2977 1257 3035 ita

121 3089 253 3150 magnas
274 3070 359 3130 calor
379 3070 414 3132 in
442 3071 557 3148 Roma,
595 3073 678 3152 quod
699 3093 780 3133 unus
811 3093 877 3132 non
896 3082 995 3155 potest
1015 3072 1059 3132 ire
1079 3072 1113 3132 in
1135 3073 1255 3152 plateis,
1364 3148 1365 3156 ἵ

120 3169 176 3228 vel
196 3168 306 3229 sedere
320 3169 354 3230 in
375 3171 482 3230 domo:
505 3182 535 3232 et
555 3193 619 3232 non
640 3193 765 3252 possum
784 3173 920 3234 seribere
937 3171 1076 3252 aliquid,
1095 3168 1148 3230 vel
1169 3192 1255 3230 com-

120 3287 241 3348 ponere
255 3289 332 3348 pree
341 3270 453 3331 calore.
475 3271 536 3330 Sed
549 3291 604 3331 vos
617 3272 717 3344 scitis,
740 3273 823 3352 quod
839 3283 884 3332 est
896 3291 1023 3348 magnus
1030 3270 1128 3344 labor,
1151 3270 1255 3328 faeere

120 3366 306 3443 dictamina,
327 3379 360 3429 et
380 3369 500 3430 dixistis
521 3370 600 3430 mibi
620 3373 655 3430 in
670 3372 818 3446 Colonia,
851 3372 935 3450 quod
954 3372 988 3429 in
1009 3377 1125 3448 septem
1148 3367 1255 3426 diebus

120 3465 179 3526 vix
197 3465 299 3526 facitis
319 3488 419 3528 unum
442 3471 557 3530 bonum
580 3470 743 3530 dictamen.
805 3469 845 3530 Et
869 3467 1021 3549 allegastis
1050 3465 1129 3524 mihi
1150 3467 1255 3524 Hora·

120 3564 218 3640 tium,
239 3565 361 3627 dicens:
379 3570 465 3648 qnod
485 3569 554 3629 talis
572 3571 667 3651 Poeta
686 3564 894 3649 docet-,quod
915 3586 1029 3629 novem
1050 3584 1146 3627 annos
1159 3564 1255 3623 debe-

120 3685 189 3724 mus
219 3683 401 3728 consumere
440 3668 582 3729 faciendo
613 3689 712 3729 unum
742 3669 860 3730 bonum
892 3667 1060 3737 dictamen,
1095 3673 1126 3723 et
1151 3664 1253 3739 credo,

120 3763 206 3844 quod
225 3765 271 3824 sic
291 3776 337 3826 est
358 3767 554 3842 faciendum,
588 3771 662 3849 quia
682 3780 803 3850 oportet
824 3788 887 3828 esse
909 3777 1054 3854 cautum,
1083 3770 1114 3822 et
1133 3761 1252 3836 ridere,

120 3863 206 3943 quod
226 3876 273 3924 est
292 3866 375 3926 bona
394 3868 578 3946 congruitas.
638 3866 866 3950 Etaliquando
886 3886 951 3927 non
969 3876 1018 3927 ¹est
1032 3861 1135 3934 satis,
1169 3861 1253 3940 quod

120 3970 167 4022 est
187 3965 268 4024 bona
290 3967 479 4046 congruitas:
520 3968 592 4047 quia
621 3969 794 4049 requiritur
823 3967 915 4026 etiam
936 3972 1062 4024 ornatus
1082 3959 1252 4022 seeundum
1290 3997 1293 4000 -

118 4060 234 4140 triginti
254 4075 420 4146 praecepta
439 4067 661 4147 elegantiarum
682 4078 713 4128 et
735 4067 861 4126 modum
881 4059 1065 4144 epistolandi
1084 4058 1187 4120 Pontii
1199 4059 1253 4120 vel

119 4158 213 4220 Pauli
231 4163 357 4239 Niavis,
389 4165 443 4244 qui
464 4157 529 4225 fuit
550 4169 698 4248 Magister
716 4165 896 4247 Lipsiensis.
941 4162 1044 4224 Etiam
1066 4159 1117 4219 isti
1139 4160 1252 4219 Poetae

116 4271 193 4320 sunt
217 4248 302 4324 nunc
329 4264 424 4325 valde
451 4265 681 4372 reppebens'ivi‚
725 4276 757 4328 et
776 4264 898 4348 quando
925 4262 1037 4343 aliquis
1063 4257 1169 4320 scribit
1189 4256 1251 4316 ali·
