<?xml version="1.0" encoding="UTF-8"?>
<!DOCTYPE html PUBLIC "-//W3C//DTD XHTML 1.0 Transitional//EN"
    "http://www.w3.org/TR/xhtml1/DTD/xhtml1-transitional.dtd">
<html xmlns="http://www.w3.org/1999/xhtml" xml:lang="en" lang="en">
 <head>
  <title>
</title>
<meta http-equiv="Content-Type" content="text/html;charset=utf-8" />
  <meta name='ocr-system' content='tesseract 3.04.00' />
  <meta name='ocr-capabilities' content='ocr_page ocr_carea ocr_par ocr_line ocrx_word'/>
</head>
<body>
  <div class='ocr_page' id='page_1' title='image "./ulrichiabhutten04mngoog_0200.png"; bbox 0 0 2896 4716; ppageno 0'>
   <div class='ocr_carea' id='block_1_1' title="bbox 165 269 972 412">
    <p class='ocr_par' dir='ltr' id='par_1_1' title="bbox 165 269 1058 412">
     <span class='ocr_line' id='line_1_1' title="bbox 165 269 972 412; baseline 0.001 -26"><span class='ocrx_word' id='word_1_1' title='bbox 165 276 275 388; x_wconf 41' lang='lat' dir='ltr'><strong>‘teo</strong></span> <span class='ocrx_word' id='word_1_2' title='bbox 554 269 972 412; x_wconf 36' lang='lat' dir='ltr'><strong>urt&#39;srontu</strong></span> 
     </span>
    </p>
   </div>
   <div class='ocr_carea' id='block_1_2' title="bbox 128 477 1336 1550">
    <p class='ocr_par' dir='ltr' id='par_1_2' title="bbox 253 477 1292 560">
     <span class='ocr_line' id='line_1_2' title="bbox 253 477 1292 560; baseline 0 -20"><span class='ocrx_word' id='word_1_3' title='bbox 253 482 412 559; x_wconf 66' lang='lat' dir='ltr'><strong>Magister</strong></span> <span class='ocrx_word' id='word_1_4' title='bbox 425 491 527 538; x_wconf 85' lang='lat' dir='ltr'><strong>noster</strong></span> <span class='ocrx_word' id='word_1_5' title='bbox 543 477 803 540; x_wconf 73' lang='lat' dir='ltr'><em>Bartholomaeus</em></span> <span class='ocrx_word' id='word_1_6' title='bbox 818 484 853 542; x_wconf 84' lang='lat' dir='ltr'><em>K</em></span> <span class='ocrx_word' id='word_1_7' title='bbox 851 481 968 553; x_wconf 71' lang='lat' dir='ltr'><strong>recinet</strong></span> <span class='ocrx_word' id='word_1_8' title='bbox 982 483 1141 560; x_wconf 70' lang='lat' dir='ltr'><strong>Megisten</strong></span> <span class='ocrx_word' id='word_1_9' title='bbox 1151 481 1292 541; x_wconf 83' lang='lat' dir='ltr'><strong>Ortuino.</strong></span> 
     </span>
    </p>

    <p class='ocr_par' dir='ltr' id='par_1_3' title="bbox 128 579 1336 1550">
     <span class='ocr_line' id='line_1_3' title="bbox 295 579 1335 667; baseline 0 -29"><span class='ocrx_word' id='word_1_10' title='bbox 295 581 414 647; x_wconf 85' lang='lat' dir='ltr'><strong>Salutcs</strong></span> <span class='ocrx_word' id='word_1_11' title='bbox 438 579 693 654; x_wconf 78' lang='lat' dir='ltr'><strong>innumerabiles,</strong></span> <span class='ocrx_word' id='word_1_12' title='bbox 729 597 799 640; x_wconf 85' lang='lat' dir='ltr'><strong>oum</strong></span> <span class='ocrx_word' id='word_1_13' title='bbox 826 601 945 667; x_wconf 81' lang='lat' dir='ltr'><strong>summa</strong></span> <span class='ocrx_word' id='word_1_14' title='bbox 974 582 1172 642; x_wconf 77' lang='lat' dir='ltr'><strong>veneratione</strong></span> <span class='ocrx_word' id='word_1_15' title='bbox 1198 603 1217 640; x_wconf 83' lang='lat' dir='ltr'><strong>a</strong></span> <span class='ocrx_word' id='word_1_16' title='bbox 1246 589 1335 660; x_wconf 86' lang='lat' dir='ltr'><strong>parte</strong></span> 
     </span>
     <span class='ocr_line' id='line_1_4' title="bbox 212 677 1334 760; baseline -0.004 -20"><span class='ocrx_word' id='word_1_17' title='bbox 212 681 299 740; x_wconf 80' lang='lat' dir='ltr'><strong>autel</strong></span> <span class='ocrx_word' id='word_1_18' title='bbox 319 677 514 740; x_wconf 83' lang='lat' dir='ltr'><strong>Venerabilis</strong></span> <span class='ocrx_word' id='word_1_19' title='bbox 536 678 698 757; x_wconf 76' lang='lat' dir='ltr'><strong>Magister,</strong></span> <span class='ocrx_word' id='word_1_20' title='bbox 727 697 791 738; x_wconf 88' lang='lat' dir='ltr'><strong>non</strong></span> <span class='ocrx_word' id='word_1_21' title='bbox 813 677 894 739; x_wconf 83' lang='lat' dir='ltr'><strong>iacto</strong></span> <span class='ocrx_word' id='word_1_22' title='bbox 914 681 1131 760; x_wconf 87' lang='lat' dir='ltr'><strong>praeambulo,</strong></span> <span class='ocrx_word' id='word_1_23' title='bbox 1159 689 1212 740; x_wconf 85' lang='lat' dir='ltr'><strong>aut</strong></span> <span class='ocrx_word' id='word_1_24' title='bbox 1234 680 1334 740; x_wconf 86' lang='lat' dir='ltr'><strong>multo</strong></span> 
     </span>
     <span class='ocr_line' id='line_1_5' title="bbox 152 776 1334 860; baseline -0.004 -21"><span class='ocrx_word' id='word_1_25' title='bbox 152 782 154 788; x_wconf 78' lang='grc'>’</span> <span class='ocrx_word' id='word_1_26' title='bbox 210 777 342 839; x_wconf 85' lang='lat' dir='ltr'><strong>circuitu</strong></span> <span class='ocrx_word' id='word_1_27' title='bbox 366 778 531 860; x_wconf 80' lang='lat' dir='ltr'><strong>verborum</strong></span> <span class='ocrx_word' id='word_1_28' title='bbox 561 776 678 836; x_wconf 84' lang='lat' dir='ltr'><strong>habetis</strong></span> <span class='ocrx_word' id='word_1_29' title='bbox 708 777 805 844; x_wconf 88' lang='lat' dir='ltr'><strong>scire,</strong></span> <span class='ocrx_word' id='word_1_30' title='bbox 839 778 918 840; x_wconf 85' lang='lat' dir='ltr'><strong>sicut</strong></span> <span class='ocrx_word' id='word_1_31' title='bbox 936 799 1038 860; x_wconf 87' lang='lat' dir='ltr'><strong>nuper</strong></span> <span class='ocrx_word' id='word_1_32' title='bbox 1063 779 1223 859; x_wconf 75' lang='lat' dir='ltr'><strong>scripsistis</strong></span> <span class='ocrx_word' id='word_1_33' title='bbox 1245 777 1334 850; x_wconf 87' lang='lat' dir='ltr'><strong>mibi,</strong></span> 
     </span>
     <span class='ocr_line' id='line_1_6' title="bbox 210 875 1336 958; baseline -0.005 -20"><span class='ocrx_word' id='word_1_34' title='bbox 210 877 292 958; x_wconf 90' lang='lat' dir='ltr'><strong>quod</strong></span> <span class='ocrx_word' id='word_1_35' title='bbox 314 876 456 936; x_wconf 85' lang='lat' dir='ltr'><strong>deberem</strong></span> <span class='ocrx_word' id='word_1_36' title='bbox 477 875 564 936; x_wconf 84' lang='lat' dir='ltr'><strong>vobis</strong></span> <span class='ocrx_word' id='word_1_37' title='bbox 585 875 752 948; x_wconf 84' lang='lat' dir='ltr'><strong>notificare,</strong></span> <span class='ocrx_word' id='word_1_38' title='bbox 775 877 908 954; x_wconf 80' lang='lat' dir='ltr'><strong>qualiter</strong></span> <span class='ocrx_word' id='word_1_39' title='bbox 926 879 1081 956; x_wconf 78' lang='lat' dir='ltr'><strong>negotium</strong></span> <span class='ocrx_word' id='word_1_40' title='bbox 1095 878 1239 936; x_wconf 73' lang='lat' dir='ltr'><strong>itt-causa</strong></span> <span class='ocrx_word' id='word_1_41' title='bbox 1260 875 1336 934; x_wconf 86' lang='lat' dir='ltr'><strong>fidoi</strong></span> 
     </span>
     <span class='ocr_line' id='line_1_7' title="bbox 209 974 1334 1054; baseline -0.005 -16"><span class='ocrx_word' id='word_1_42' title='bbox 209 988 267 1038; x_wconf 87' lang='lat' dir='ltr'><strong>stat</strong></span> <span class='ocrx_word' id='word_1_43' title='bbox 287 975 347 1034; x_wconf 88' lang='lat' dir='ltr'><strong>bie.</strong></span> <span class='ocrx_word' id='word_1_44' title='bbox 390 975 516 1048; x_wconf 80' lang='lat' dir='ltr'><strong>Sciatis,</strong></span> <span class='ocrx_word' id='word_1_45' title='bbox 540 974 621 1054; x_wconf 88' lang='lat' dir='ltr'><strong>quod</strong></span> <span class='ocrx_word' id='word_1_46' title='bbox 642 974 720 1033; x_wconf 87' lang='lat' dir='ltr'><strong>bene</strong></span> <span class='ocrx_word' id='word_1_47' title='bbox 737 983 816 1049; x_wconf 79' lang='lat' dir='ltr'><strong>atat3</strong></span> <span class='ocrx_word' id='word_1_48' title='bbox 836 975 890 1034; x_wconf 85' lang='lat' dir='ltr'><strong>sed</strong></span> <span class='ocrx_word' id='word_1_49' title='bbox 910 976 1048 1035; x_wconf 84' lang='lat' dir='ltr'><strong>nondum</strong></span> <span class='ocrx_word' id='word_1_50' title='bbox 1065 976 1163 1038; x_wconf 85' lang='lat' dir='ltr'><strong>exivit</strong></span> <span class='ocrx_word' id='word_1_51' title='bbox 1181 976 1334 1036; x_wconf 85' lang='lat' dir='ltr'><strong>sententia</strong></span> 
     </span>
     <span class='ocr_line' id='line_1_8' title="bbox 210 1055 1333 1151; baseline -0.006 -13"><span class='ocrx_word' id='word_1_52' title='bbox 210 1055 381 1138; x_wconf 78' lang='lat' dir='ltr'><strong>diffinitiva.</strong></span> <span class='ocrx_word' id='word_1_53' title='bbox 402 1074 442 1132; x_wconf 89' lang='lat' dir='ltr'><strong>Et</strong></span> <span class='ocrx_word' id='word_1_54' title='bbox 463 1081 508 1131; x_wconf 84' lang='lat' dir='ltr'><strong>est</strong></span> <span class='ocrx_word' id='word_1_55' title='bbox 529 1072 580 1130; x_wconf 89' lang='lat' dir='ltr'><strong>hic</strong></span> <span class='ocrx_word' id='word_1_56' title='bbox 600 1091 679 1132; x_wconf 85' lang='lat' dir='ltr'><strong>unus</strong></span> <span class='ocrx_word' id='word_1_57' title='bbox 699 1073 827 1139; x_wconf 86' lang='lat' dir='ltr'><strong>Jurista,</strong></span> <span class='ocrx_word' id='word_1_58' title='bbox 847 1074 902 1151; x_wconf 86' lang='lat' dir='ltr'><strong>qui</strong></span> <span class='ocrx_word' id='word_1_59' title='bbox 921 1087 1049 1136; x_wconf 82' lang='lat' dir='ltr'><strong>vocatur</strong></span> <span class='ocrx_word' id='word_1_60' title='bbox 1068 1077 1232 1136; x_wconf 83' lang='lat' dir='ltr'><strong>Martinus</strong></span> <span class='ocrx_word' id='word_1_61' title='bbox 1254 1075 1333 1131; x_wconf 84' lang='lat' dir='ltr'><strong>Gro-</strong></span> 
     </span>
     <span class='ocr_line' id='line_1_9' title="bbox 210 1171 1334 1253; baseline -0.004 -19"><span class='ocrx_word' id='word_1_62' title='bbox 210 1177 343 1252; x_wconf 73' lang='lat' dir='ltr'><strong>ningen,</strong></span> <span class='ocrx_word' id='word_1_63' title='bbox 366 1175 485 1232; x_wconf 84' lang='lat' dir='ltr'><strong>Ductor</strong></span> <span class='ocrx_word' id='word_1_64' title='bbox 503 1171 660 1240; x_wconf 82' lang='lat' dir='ltr'><strong>Senensis,</strong></span> <span class='ocrx_word' id='word_1_65' title='bbox 681 1181 717 1230; x_wconf 89' lang='lat' dir='ltr'><strong>ut</strong></span> <span class='ocrx_word' id='word_1_66' title='bbox 738 1172 805 1251; x_wconf 84' lang='lat' dir='ltr'><strong>ipse</strong></span> <span class='ocrx_word' id='word_1_67' title='bbox 824 1173 915 1240; x_wconf 85' lang='lat' dir='ltr'><strong>dicit,</strong></span> <span class='ocrx_word' id='word_1_68' title='bbox 943 1174 1015 1232; x_wconf 78' lang='lat' dir='ltr'><strong>satis</strong></span> <span class='ocrx_word' id='word_1_69' title='bbox 1033 1184 1209 1253; x_wconf 77' lang='lat' dir='ltr'><strong>praetentus</strong></span> <span class='ocrx_word' id='word_1_70' title='bbox 1230 1187 1261 1230; x_wconf 90' lang='lat' dir='ltr'><strong>et</strong></span> <span class='ocrx_word' id='word_1_71' title='bbox 1282 1193 1334 1230; x_wconf 85' lang='lat' dir='ltr'><strong>au-</strong></span> 
     </span>
     <span class='ocr_line' id='line_1_10' title="bbox 209 1269 1333 1355; baseline -0.002 -25"><span class='ocrx_word' id='word_1_72' title='bbox 209 1275 330 1355; x_wconf 84' lang='lat' dir='ltr'><strong>perbus.</strong></span> <span class='ocrx_word' id='word_1_73' title='bbox 393 1272 461 1350; x_wconf 88' lang='lat' dir='ltr'><strong>Ipse</strong></span> <span class='ocrx_word' id='word_1_74' title='bbox 482 1270 572 1329; x_wconf 89' lang='lat' dir='ltr'><strong>debet</strong></span> <span class='ocrx_word' id='word_1_75' title='bbox 594 1269 749 1328; x_wconf 74' lang='lat' dir='ltr'><strong>latinitate</strong></span> <span class='ocrx_word' id='word_1_76' title='bbox 771 1272 937 1350; x_wconf 80' lang='lat' dir='ltr'><strong>Speculum</strong></span> <span class='ocrx_word' id='word_1_77' title='bbox 959 1273 1097 1345; x_wconf 84' lang='lat' dir='ltr'><strong>oculare,</strong></span> <span class='ocrx_word' id='word_1_78' title='bbox 1127 1281 1157 1331; x_wconf 90' lang='lat' dir='ltr'><strong>et</strong></span> <span class='ocrx_word' id='word_1_79' title='bbox 1177 1281 1222 1330; x_wconf 86' lang='lat' dir='ltr'><strong>est</strong></span> <span class='ocrx_word' id='word_1_80' title='bbox 1242 1270 1333 1332; x_wconf 86' lang='lat' dir='ltr'><strong>valde</strong></span> 
     </span>
     <span class='ocr_line' id='line_1_11' title="bbox 128 1367 1333 1456; baseline -0.005 -24"><span class='ocrx_word' id='word_1_81' title='bbox 128 1449 132 1456; x_wconf 24' lang='grc' dir='ltr'>ι</span> <span class='ocrx_word' id='word_1_82' title='bbox 208 1382 496 1454; x_wconf 87' lang='lat' dir='ltr'><strong>praesumptuosus,</strong></span> <span class='ocrx_word' id='word_1_83' title='bbox 532 1367 604 1448; x_wconf 88' lang='lat' dir='ltr'><strong>quia</strong></span> <span class='ocrx_word' id='word_1_84' title='bbox 626 1368 710 1446; x_wconf 88' lang='lat' dir='ltr'><strong>cupit</strong></span> <span class='ocrx_word' id='word_1_85' title='bbox 730 1368 840 1430; x_wconf 87' lang='lat' dir='ltr'><strong>videri.</strong></span> <span class='ocrx_word' id='word_1_86' title='bbox 902 1371 1009 1449; x_wconf 80' lang='lat' dir='ltr'><strong>Aliqui</strong></span> <span class='ocrx_word' id='word_1_87' title='bbox 1033 1371 1159 1429; x_wconf 88' lang='lat' dir='ltr'><strong>laudant</strong></span> <span class='ocrx_word' id='word_1_88' title='bbox 1179 1389 1265 1440; x_wconf 88' lang='lat' dir='ltr'><strong>eum,</strong></span> <span class='ocrx_word' id='word_1_89' title='bbox 1303 1381 1333 1427; x_wconf 87' lang='lat' dir='ltr'><strong>et</strong></span> 
     </span>
     <span class='ocr_line' id='line_1_12' title="bbox 209 1466 1332 1550; baseline -0.005 -19"><span class='ocrx_word' id='word_1_90' title='bbox 209 1471 346 1550; x_wconf 87' lang='lat' dir='ltr'><strong>quaesivi</strong></span> <span class='ocrx_word' id='word_1_91' title='bbox 363 1487 464 1548; x_wconf 85' lang='lat' dir='ltr'><strong>nuper</strong></span> <span class='ocrx_word' id='word_1_92' title='bbox 484 1487 523 1526; x_wconf 85' lang='lat' dir='ltr'><strong>ex</strong></span> <span class='ocrx_word' id='word_1_93' title='bbox 543 1468 601 1538; x_wconf 87' lang='lat' dir='ltr'><strong>eis,</strong></span> <span class='ocrx_word' id='word_1_94' title='bbox 625 1466 700 1545; x_wconf 86' lang='lat' dir='ltr'><strong>quid</strong></span> <span class='ocrx_word' id='word_1_95' title='bbox 720 1467 790 1546; x_wconf 88' lang='lat' dir='ltr'><strong>plus</strong></span> <span class='ocrx_word' id='word_1_96' title='bbox 808 1469 874 1543; x_wconf 91' lang='lat' dir='ltr'><strong>seit,</strong></span> <span class='ocrx_word' id='word_1_97' title='bbox 896 1489 987 1548; x_wconf 85' lang='lat' dir='ltr'><strong>quam</strong></span> <span class='ocrx_word' id='word_1_98' title='bbox 1011 1469 1112 1530; x_wconf 75' lang='lat' dir='ltr'><strong>alius?</strong></span> <span class='ocrx_word' id='word_1_99' title='bbox 1132 1471 1222 1528; x_wconf 87' lang='lat' dir='ltr'><strong>Tunc</strong></span> <span class='ocrx_word' id='word_1_100' title='bbox 1242 1467 1332 1526; x_wconf 83' lang='lat' dir='ltr'><strong>dixe-</strong></span> 
     </span>
    </p>
   </div>
   <div class='ocr_carea' id='block_1_3' title="bbox 119 1561 1330 1647">
    <p class='ocr_par' dir='ltr' id='par_1_4' title="bbox 119 1561 1330 1647">
     <span class='ocr_line' id='line_1_13' title="bbox 119 1561 1330 1647; baseline -0.007 -15"><span class='ocrx_word' id='word_1_101' title='bbox 119 1561 123 1578; x_wconf 57' lang='lat'><em>*</em></span> <span class='ocrx_word' id='word_1_102' title='bbox 208 1581 298 1632; x_wconf 88' lang='lat' dir='ltr'><strong>runt:</strong></span> <span class='ocrx_word' id='word_1_103' title='bbox 317 1568 400 1647; x_wconf 89' lang='lat' dir='ltr'><strong>quod</strong></span> <span class='ocrx_word' id='word_1_104' title='bbox 421 1567 512 1626; x_wconf 85' lang='lat' dir='ltr'><strong>habet</strong></span> <span class='ocrx_word' id='word_1_105' title='bbox 533 1567 643 1624; x_wconf 86' lang='lat' dir='ltr'><strong>bonam</strong></span> <span class='ocrx_word' id='word_1_106' title='bbox 666 1564 808 1627; x_wconf 86' lang='lat' dir='ltr'><strong>notitiam</strong></span> <span class='ocrx_word' id='word_1_107' title='bbox 828 1567 862 1626; x_wconf 87' lang='lat' dir='ltr'><strong>in</strong></span> <span class='ocrx_word' id='word_1_108' title='bbox 886 1569 1013 1628; x_wconf 84' lang='lat' dir='ltr'><strong>Graeco.</strong></span> <span class='ocrx_word' id='word_1_109' title='bbox 1073 1570 1113 1627; x_wconf 84' lang='lat' dir='ltr'><strong>Et</strong></span> <span class='ocrx_word' id='word_1_110' title='bbox 1139 1567 1184 1626; x_wconf 92' lang='lat' dir='ltr'><strong>sio</strong></span> <span class='ocrx_word' id='word_1_111' title='bbox 1208 1566 1330 1638; x_wconf 87' lang='lat' dir='ltr'><strong>videtis,</strong></span> 
     </span>
    </p>
   </div>
   <div class='ocr_carea' id='block_1_4' title="bbox 159 1663 1402 4323">
    <p class='ocr_par' dir='ltr' id='par_1_5' title="bbox 159 1663 1344 3735">
     <span class='ocr_line' id='line_1_14' title="bbox 208 1663 1330 1751; baseline -0.005 -22"><span class='ocrx_word' id='word_1_112' title='bbox 208 1670 291 1751; x_wconf 90' lang='lat' dir='ltr'><strong>quod</strong></span> <span class='ocrx_word' id='word_1_113' title='bbox 311 1689 373 1728; x_wconf 87' lang='lat' dir='ltr'><strong>uon</strong></span> <span class='ocrx_word' id='word_1_114' title='bbox 397 1675 441 1725; x_wconf 88' lang='lat' dir='ltr'><strong>est</strong></span> <span class='ocrx_word' id='word_1_115' title='bbox 461 1663 630 1723; x_wconf 86' lang='lat' dir='ltr'><strong>curandum</strong></span> <span class='ocrx_word' id='word_1_116' title='bbox 652 1663 690 1722; x_wconf 90' lang='lat' dir='ltr'><strong>de</strong></span> <span class='ocrx_word' id='word_1_117' title='bbox 711 1683 766 1738; x_wconf 91' lang='lat' dir='ltr'><strong>eo,</strong></span> <span class='ocrx_word' id='word_1_118' title='bbox 795 1666 876 1744; x_wconf 90' lang='lat' dir='ltr'><strong>quod</strong></span> <span class='ocrx_word' id='word_1_119' title='bbox 898 1667 1050 1726; x_wconf 85' lang='lat' dir='ltr'><strong>Graecum</strong></span> <span class='ocrx_word' id='word_1_120' title='bbox 1071 1687 1135 1726; x_wconf 87' lang='lat' dir='ltr'><strong>nou</strong></span> <span class='ocrx_word' id='word_1_121' title='bbox 1156 1675 1201 1724; x_wconf 89' lang='lat' dir='ltr'><strong>est</strong></span> <span class='ocrx_word' id='word_1_122' title='bbox 1220 1666 1259 1726; x_wconf 85' lang='lat' dir='ltr'><strong>de</strong></span> <span class='ocrx_word' id='word_1_123' title='bbox 1282 1686 1330 1723; x_wconf 87' lang='lat' dir='ltr'><strong>es-</strong></span> 
     </span>
     <span class='ocr_line' id='line_1_15' title="bbox 208 1762 1328 1845; baseline -0.006 -16"><span class='ocrx_word' id='word_1_124' title='bbox 208 1769 305 1829; x_wconf 88' lang='lat' dir='ltr'><strong>sentia</strong></span> <span class='ocrx_word' id='word_1_125' title='bbox 330 1785 432 1825; x_wconf 86' lang='lat' dir='ltr'><strong>sacrae</strong></span> <span class='ocrx_word' id='word_1_126' title='bbox 458 1762 634 1842; x_wconf 80' lang='lat' dir='ltr'><strong>scripturae.</strong></span> <span class='ocrx_word' id='word_1_127' title='bbox 676 1762 716 1822; x_wconf 83' lang='lat' dir='ltr'><strong>Et</strong></span> <span class='ocrx_word' id='word_1_128' title='bbox 735 1764 845 1837; x_wconf 89' lang='lat' dir='ltr'><strong>credo,</strong></span> <span class='ocrx_word' id='word_1_129' title='bbox 868 1764 951 1844; x_wconf 86' lang='lat' dir='ltr'><strong>quod</strong></span> <span class='ocrx_word' id='word_1_130' title='bbox 969 1786 1033 1825; x_wconf 78' lang='lat' dir='ltr'><strong>tion</strong></span> <span class='ocrx_word' id='word_1_131' title='bbox 1053 1767 1108 1826; x_wconf 89' lang='lat' dir='ltr'><strong>scit</strong></span> <span class='ocrx_word' id='word_1_132' title='bbox 1128 1783 1231 1825; x_wconf 77' lang='lat' dir='ltr'><strong>unuin</strong></span> <span class='ocrx_word' id='word_1_133' title='bbox 1246 1784 1328 1845; x_wconf 90' lang='lat' dir='ltr'><strong>pun-</strong></span> 
     </span>
     <span class='ocr_line' id='line_1_16' title="bbox 208 1860 1328 1944; baseline -0.004 -18"><span class='ocrx_word' id='word_1_134' title='bbox 208 1879 290 1928; x_wconf 86' lang='lat' dir='ltr'><strong>ctum</strong></span> <span class='ocrx_word' id='word_1_135' title='bbox 311 1866 345 1923; x_wconf 91' lang='lat' dir='ltr'><strong>in</strong></span> <span class='ocrx_word' id='word_1_136' title='bbox 364 1863 451 1922; x_wconf 89' lang='lat' dir='ltr'><strong>libris</strong></span> <span class='ocrx_word' id='word_1_137' title='bbox 474 1861 718 1933; x_wconf 80' lang='lat' dir='ltr'><strong>Sententiarum,</strong></span> <span class='ocrx_word' id='word_1_138' title='bbox 755 1881 813 1920; x_wconf 86' lang='lat' dir='ltr'><strong>nec</strong></span> <span class='ocrx_word' id='word_1_139' title='bbox 834 1863 900 1943; x_wconf 85' lang='lat' dir='ltr'><strong>ipse</strong></span> <span class='ocrx_word' id='word_1_140' title='bbox 920 1865 1016 1944; x_wconf 83' lang='lat' dir='ltr'><strong>possit</strong></span> <span class='ocrx_word' id='word_1_141' title='bbox 1033 1860 1112 1924; x_wconf 84' lang='lat' dir='ltr'><strong>mihi</strong></span> <span class='ocrx_word' id='word_1_142' title='bbox 1132 1865 1268 1944; x_wconf 80' lang='lat' dir='ltr'><strong>formare</strong></span> <span class='ocrx_word' id='word_1_143' title='bbox 1290 1885 1328 1921; x_wconf 92' lang='lat' dir='ltr'><strong>u·</strong></span> 
     </span>
     <span class='ocr_line' id='line_1_17' title="bbox 207 1959 1329 2042; baseline -0.007 -17"><span class='ocrx_word' id='word_1_144' title='bbox 207 1986 283 2026; x_wconf 90' lang='lat' dir='ltr'><strong>num</strong></span> <span class='ocrx_word' id='word_1_145' title='bbox 304 1961 522 2042; x_wconf 64' lang='lat' dir='ltr'><strong>‘syllogismum</strong></span> <span class='ocrx_word' id='word_1_146' title='bbox 542 1960 576 2017; x_wconf 87' lang='lat' dir='ltr'><strong>in</strong></span> <span class='ocrx_word' id='word_1_147' title='bbox 600 1959 714 2018; x_wconf 89' lang='lat' dir='ltr'><strong>Barooo</strong></span> <span class='ocrx_word' id='word_1_148' title='bbox 739 1971 792 2020; x_wconf 86' lang='lat' dir='ltr'><strong>aut</strong></span> <span class='ocrx_word' id='word_1_149' title='bbox 810 1962 971 2036; x_wconf 67' lang='lat' dir='ltr'><strong>(delerent,</strong></span> <span class='ocrx_word' id='word_1_150' title='bbox 1001 1963 1074 2042; x_wconf 86' lang='lat' dir='ltr'><strong>quia</strong></span> <span class='ocrx_word' id='word_1_151' title='bbox 1100 1983 1162 2022; x_wconf 87' lang='lat' dir='ltr'><strong>nou</strong></span> <span class='ocrx_word' id='word_1_152' title='bbox 1184 1972 1229 2021; x_wconf 88' lang='lat' dir='ltr'><strong>est</strong></span> <span class='ocrx_word' id='word_1_153' title='bbox 1248 1961 1329 2040; x_wconf 84' lang='lat' dir='ltr'><strong>logi-</strong></span> 
     </span>
     <span class='ocr_line' id='line_1_18' title="bbox 207 2057 1328 2141; baseline -0.004 -18"><span class='ocrx_word' id='word_1_154' title='bbox 207 2081 268 2124; x_wconf 84' lang='lat' dir='ltr'><strong>cus.</strong></span> <span class='ocrx_word' id='word_1_155' title='bbox 308 2063 378 2141; x_wconf 87' lang='lat' dir='ltr'><strong>Ipse</strong></span> <span class='ocrx_word' id='word_1_156' title='bbox 398 2064 498 2138; x_wconf 87' lang='lat' dir='ltr'><strong>nupe&#39;r</strong></span> <span class='ocrx_word' id='word_1_157' title='bbox 517 2057 639 2118; x_wconf 82' lang='lat' dir='ltr'><strong>vocavit</strong></span> <span class='ocrx_word' id='word_1_158' title='bbox 659 2079 709 2116; x_wconf 87' lang='lat' dir='ltr'><strong>me</strong></span> <span class='ocrx_word' id='word_1_159' title='bbox 730 2059 858 2124; x_wconf 83' lang='lat' dir='ltr'><strong>asinum.</strong></span> <span class='ocrx_word' id='word_1_160' title='bbox 900 2062 941 2122; x_wconf 81' lang='lat' dir='ltr'><strong>Et</strong></span> <span class='ocrx_word' id='word_1_161' title='bbox 961 2061 1027 2121; x_wconf 84' lang='lat' dir='ltr'><strong>dixi</strong></span> <span class='ocrx_word' id='word_1_162' title='bbox 1048 2062 1093 2120; x_wconf 90' lang='lat' dir='ltr'><strong>ei:</strong></span> <span class='ocrx_word' id='word_1_163' title='bbox 1113 2062 1139 2120; x_wconf 85' lang='lat' dir='ltr'><strong>si</strong></span> <span class='ocrx_word' id='word_1_164' title='bbox 1160 2082 1192 2120; x_wconf 85' lang='lat' dir='ltr'><strong>es</strong></span> <span class='ocrx_word' id='word_1_165' title='bbox 1212 2060 1258 2140; x_wconf 79' lang='lat' dir='ltr'><strong>ita</strong></span> <span class='ocrx_word' id='word_1_166' title='bbox 1272 2081 1328 2118; x_wconf 88' lang='lat' dir='ltr'><strong>au-</strong></span> 
     </span>
     <span class='ocr_line' id='line_1_19' title="bbox 207 2157 1328 2236; baseline -0.004 -13"><span class='ocrx_word' id='word_1_167' title='bbox 207 2165 282 2236; x_wconf 85' lang='lat' dir='ltr'><strong>dax,</strong></span> <span class='ocrx_word' id='word_1_168' title='bbox 301 2171 375 2223; x_wconf 84' lang='lat' dir='ltr'><strong>tunc</strong></span> <span class='ocrx_word' id='word_1_169' title='bbox 397 2157 518 2236; x_wconf 85' lang='lat' dir='ltr'><strong>disputa</strong></span> <span class='ocrx_word' id='word_1_170' title='bbox 532 2176 652 2216; x_wconf 89' lang='lat' dir='ltr'><strong>mecum</strong></span> <span class='ocrx_word' id='word_1_171' title='bbox 664 2199 673 2230; x_wconf 96' lang='lat'><strong>,</strong></span> <span class='ocrx_word' id='word_1_172' title='bbox 707 2169 737 2218; x_wconf 88' lang='lat' dir='ltr'><strong>et</strong></span> <span class='ocrx_word' id='word_1_173' title='bbox 758 2159 881 2220; x_wconf 85' lang='lat' dir='ltr'><strong>tibiaavi</strong></span> <span class='ocrx_word' id='word_1_174' title='bbox 903 2181 974 2220; x_wconf 87' lang='lat' dir='ltr'><strong>eum</strong></span> <span class='ocrx_word' id='word_1_175' title='bbox 994 2162 1152 2233; x_wconf 76' lang='lat' dir='ltr'><strong>audacter,</strong></span> <span class='ocrx_word' id='word_1_176' title='bbox 1176 2169 1206 2218; x_wconf 85' lang='lat' dir='ltr'><strong>et</strong></span> <span class='ocrx_word' id='word_1_177' title='bbox 1223 2160 1328 2218; x_wconf 87' lang='lat' dir='ltr'><strong>tacuit.</strong></span> 
     </span>
     <span class='ocr_line' id='line_1_20' title="bbox 207 2253 1327 2340; baseline -0.005 -18"><span class='ocrx_word' id='word_1_178' title='bbox 207 2263 307 2333; x_wconf 88' lang='lat' dir='ltr'><strong>Tunc,</strong></span> <span class='ocrx_word' id='word_1_179' title='bbox 331 2253 461 2318; x_wconf 83' lang='lat' dir='ltr'><strong>ulterius</strong></span> <span class='ocrx_word' id='word_1_180' title='bbox 481 2258 622 2316; x_wconf 85' lang='lat' dir='ltr'><strong>vexando</strong></span> <span class='ocrx_word' id='word_1_181' title='bbox 643 2276 723 2330; x_wconf 78' lang='lat' dir='ltr'><strong>erim,</strong></span> <span class='ocrx_word' id='word_1_182' title='bbox 746 2257 827 2316; x_wconf 86' lang='lat' dir='ltr'><strong>dixi:</strong></span> <span class='ocrx_word' id='word_1_183' title='bbox 856 2260 921 2339; x_wconf 84' lang='lat' dir='ltr'><strong>Ego</strong></span> <span class='ocrx_word' id='word_1_184' title='bbox 941 2281 1051 2340; x_wconf 77' lang='lat' dir='ltr'><strong>arguo,</strong></span> <span class='ocrx_word' id='word_1_185' title='bbox 1071 2259 1154 2339; x_wconf 89' lang='lat' dir='ltr'><strong>quod</strong></span> <span class='ocrx_word' id='word_1_186' title='bbox 1175 2268 1210 2317; x_wconf 92' lang='lat' dir='ltr'><strong>tu</strong></span> <span class='ocrx_word' id='word_1_187' title='bbox 1231 2259 1273 2317; x_wconf 82' lang='lat' dir='ltr'><strong>sis</strong></span> <span class='ocrx_word' id='word_1_188' title='bbox 1294 2279 1327 2316; x_wconf 87' lang='lat' dir='ltr'><strong>a·</strong></span> 
     </span>
     <span class='ocr_line' id='line_1_21' title="bbox 205 2355 1326 2446; baseline -0.004 -25"><span class='ocrx_word' id='word_1_189' title='bbox 205 2361 299 2442; x_wconf 75' lang='lat' dir='ltr'><strong>sinus.</strong></span> <span class='ocrx_word' id='word_1_190' title='bbox 340 2356 444 2418; x_wconf 85' lang='lat' dir='ltr'><strong>Primo</strong></span> <span class='ocrx_word' id='word_1_191' title='bbox 463 2356 522 2437; x_wconf 75' lang='lat' dir='ltr'><strong>sie:</strong></span> <span class='ocrx_word' id='word_1_192' title='bbox 557 2355 704 2434; x_wconf 88' lang='lat' dir='ltr'><strong>quiequid</strong></span> <span class='ocrx_word' id='word_1_193' title='bbox 723 2366 825 2435; x_wconf 83' lang='lat' dir='ltr'><strong>portat</strong></span> <span class='ocrx_word' id='word_1_194' title='bbox 846 2377 956 2432; x_wconf 85' lang='lat' dir='ltr'><strong>onera,</strong></span> <span class='ocrx_word' id='word_1_195' title='bbox 985 2369 1030 2418; x_wconf 87' lang='lat' dir='ltr'><strong>est</strong></span> <span class='ocrx_word' id='word_1_196' title='bbox 1057 2359 1175 2446; x_wconf 75' lang='lat' dir='ltr'><strong>asinus:</strong></span> <span class='ocrx_word' id='word_1_197' title='bbox 1196 2366 1231 2416; x_wconf 85' lang='lat' dir='ltr'><strong>tu</strong></span> <span class='ocrx_word' id='word_1_198' title='bbox 1250 2377 1326 2436; x_wconf 85' lang='lat' dir='ltr'><strong>por-</strong></span> 
     </span>
     <span class='ocr_line' id='line_1_22' title="bbox 205 2454 1327 2537; baseline -0.005 -17"><span class='ocrx_word' id='word_1_199' title='bbox 205 2470 250 2520; x_wconf 83' lang='lat' dir='ltr'><strong>tas</strong></span> <span class='ocrx_word' id='word_1_200' title='bbox 271 2477 381 2530; x_wconf 77' lang='lat' dir='ltr'><strong>onera:</strong></span> <span class='ocrx_word' id='word_1_201' title='bbox 417 2476 489 2534; x_wconf 85' lang='lat' dir='ltr'><strong>ergo</strong></span> <span class='ocrx_word' id='word_1_202' title='bbox 512 2475 543 2513; x_wconf 88' lang='lat' dir='ltr'><strong>es</strong></span> <span class='ocrx_word' id='word_1_203' title='bbox 565 2454 675 2512; x_wconf 85' lang='lat' dir='ltr'><strong>asinus.</strong></span> <span class='ocrx_word' id='word_1_204' title='bbox 735 2455 891 2515; x_wconf 85' lang='lat' dir='ltr'><strong>Minorem</strong></span> <span class='ocrx_word' id='word_1_205' title='bbox 914 2458 1028 2537; x_wconf 80' lang='lat' dir='ltr'><strong>probo,</strong></span> <span class='ocrx_word' id='word_1_206' title='bbox 1070 2457 1142 2536; x_wconf 84' lang='lat' dir='ltr'><strong>quia</strong></span> <span class='ocrx_word' id='word_1_207' title='bbox 1169 2466 1203 2514; x_wconf 89' lang='lat' dir='ltr'><strong>tu</strong></span> <span class='ocrx_word' id='word_1_208' title='bbox 1223 2467 1327 2534; x_wconf 86' lang='lat' dir='ltr'><strong>portas</strong></span> 
     </span>
     <span class='ocr_line' id='line_1_23' title="bbox 205 2553 1325 2634; baseline -0.007 -14"><span class='ocrx_word' id='word_1_209' title='bbox 205 2560 298 2620; x_wconf 84' lang='lat' dir='ltr'><strong>istum</strong></span> <span class='ocrx_word' id='word_1_210' title='bbox 316 2558 441 2617; x_wconf 81' lang='lat' dir='ltr'><strong>librum.</strong></span> <span class='ocrx_word' id='word_1_211' title='bbox 475 2554 515 2613; x_wconf 87' lang='lat' dir='ltr'><strong>Et</strong></span> <span class='ocrx_word' id='word_1_212' title='bbox 535 2553 598 2613; x_wconf 85' lang='lat' dir='ltr'><strong>fnit</strong></span> <span class='ocrx_word' id='word_1_213' title='bbox 617 2573 736 2628; x_wconf 86' lang='lat' dir='ltr'><strong>verum,</strong></span> <span class='ocrx_word' id='word_1_214' title='bbox 757 2555 828 2634; x_wconf 85' lang='lat' dir='ltr'><strong>quia</strong></span> <span class='ocrx_word' id='word_1_215' title='bbox 849 2555 1067 2634; x_wconf 32' lang='lat' dir='ltr'><strong>ipselportavit</strong></span> <span class='ocrx_word' id='word_1_216' title='bbox 1086 2575 1183 2616; x_wconf 91' lang='lat' dir='ltr'><strong>unum</strong></span> <span class='ocrx_word' id='word_1_217' title='bbox 1199 2555 1325 2630; x_wconf 73' lang='lat' dir='ltr'><strong>librum,</strong></span> 
     </span>
     <span class='ocr_line' id='line_1_24' title="bbox 205 2652 1326 2738; baseline -0.002 -22"><span class='ocrx_word' id='word_1_218' title='bbox 205 2678 295 2738; x_wconf 84' lang='lat' dir='ltr'><strong>quem</strong></span> <span class='ocrx_word' id='word_1_219' title='bbox 318 2655 402 2714; x_wconf 86' lang='lat' dir='ltr'><strong>dedit</strong></span> <span class='ocrx_word' id='word_1_220' title='bbox 422 2653 515 2712; x_wconf 84' lang='lat' dir='ltr'><strong>Jacob</strong></span> <span class='ocrx_word' id='word_1_221' title='bbox 538 2652 749 2731; x_wconf 71' lang='lat' dir='ltr'><strong>Questemberg</strong></span> <span class='ocrx_word' id='word_1_222' title='bbox 768 2653 807 2712; x_wconf 87' lang='lat' dir='ltr'><strong>ad</strong></span> <span class='ocrx_word' id='word_1_223' title='bbox 833 2653 1018 2714; x_wconf 86' lang='lat' dir='ltr'><strong>studendum</strong></span> <span class='ocrx_word' id='word_1_224' title='bbox 1043 2655 1123 2714; x_wconf 83' lang='lat' dir='ltr'><strong>intus</strong></span> <span class='ocrx_word' id='word_1_225' title='bbox 1150 2666 1260 2712; x_wconf 88' lang='lat' dir='ltr'><strong>contra</strong></span> <span class='ocrx_word' id='word_1_226' title='bbox 1281 2657 1326 2714; x_wconf 88' lang='lat' dir='ltr'><strong>M.</strong></span> 
     </span>
     <span class='ocr_line' id='line_1_25' title="bbox 205 2751 1325 2832; baseline -0.004 -16"><span class='ocrx_word' id='word_1_227' title='bbox 205 2765 343 2816; x_wconf 87' lang='lat' dir='ltr'><strong>nostrum</strong></span> <span class='ocrx_word' id='word_1_228' title='bbox 369 2752 513 2812; x_wconf 80' lang='lat' dir='ltr'><strong>Iacobum</strong></span> <span class='ocrx_word' id='word_1_229' title='bbox 539 2751 578 2808; x_wconf 89' lang='lat' dir='ltr'><strong>de</strong></span> <span class='ocrx_word' id='word_1_230' title='bbox 604 2751 797 2830; x_wconf 84' lang='lat' dir='ltr'><strong>Hogstrateu.</strong></span> <span class='ocrx_word' id='word_1_231' title='bbox 837 2753 928 2812; x_wconf 85' lang='lat' dir='ltr'><strong>Tunc</strong></span> <span class='ocrx_word' id='word_1_232' title='bbox 947 2773 1012 2812; x_wconf 85' lang='lat' dir='ltr'><strong>non</strong></span> <span class='ocrx_word' id='word_1_233' title='bbox 1032 2753 1094 2820; x_wconf 81' lang='lat' dir='ltr'><strong>fuit</strong></span> <span class='ocrx_word' id='word_1_234' title='bbox 1113 2753 1157 2812; x_wconf 84' lang='lat' dir='ltr'><strong>ita</strong></span> <span class='ocrx_word' id='word_1_235' title='bbox 1177 2753 1325 2832; x_wconf 71' lang='lat' dir='ltr'><strong>praederis,</strong></span> 
     </span>
     <span class='ocr_line' id='line_1_26' title="bbox 205 2847 1326 2935; baseline -0.004 -20"><span class='ocrx_word' id='word_1_236' title='bbox 205 2855 288 2935; x_wconf 92' lang='lat' dir='ltr'><strong>quod</strong></span> <span class='ocrx_word' id='word_1_237' title='bbox 305 2860 430 2932; x_wconf 80' lang='lat' dir='ltr'><strong>negaret</strong></span> <span class='ocrx_word' id='word_1_238' title='bbox 448 2849 526 2906; x_wconf 85' lang='lat' dir='ltr'><strong>milri</strong></span> <span class='ocrx_word' id='word_1_239' title='bbox 548 2847 715 2927; x_wconf 88' lang='lat' dir='ltr'><strong>Majorem,</strong></span> <span class='ocrx_word' id='word_1_240' title='bbox 744 2849 818 2930; x_wconf 89' lang='lat' dir='ltr'><strong>quia</strong></span> <span class='ocrx_word' id='word_1_241' title='bbox 836 2871 900 2912; x_wconf 86' lang='lat' dir='ltr'><strong>nou</strong></span> <span class='ocrx_word' id='word_1_242' title='bbox 915 2853 1086 2932; x_wconf 48' lang='lat' dir='ltr'><strong>¹potuissem</strong></span> <span class='ocrx_word' id='word_1_243' title='bbox 1103 2853 1251 2933; x_wconf 73' lang='lat' dir='ltr'><strong>probare,</strong></span> <span class='ocrx_word' id='word_1_244' title='bbox 1272 2853 1326 2917; x_wconf 88' lang='lat' dir='ltr'><strong>sed</strong></span> 
     </span>
     <span class='ocr_line' id='line_1_27' title="bbox 204 2938 1326 3032; baseline -0.003 -18"><span class='ocrx_word' id='word_1_245' title='bbox 204 2955 284 3025; x_wconf 88' lang='lat' dir='ltr'><strong>scio,</strong></span> <span class='ocrx_word' id='word_1_246' title='bbox 306 2949 388 3030; x_wconf 89' lang='lat' dir='ltr'><strong>quod</strong></span> <span class='ocrx_word' id='word_1_247' title='bbox 408 2947 490 3007; x_wconf 85' lang='lat' dir='ltr'><strong>nihil</strong></span> <span class='ocrx_word' id='word_1_248' title='bbox 511 2945 567 3006; x_wconf 89' lang='lat' dir='ltr'><strong>scit</strong></span> <span class='ocrx_word' id='word_1_249' title='bbox 586 2947 621 3006; x_wconf 88' lang='lat' dir='ltr'><strong>in</strong></span> <span class='ocrx_word' id='word_1_250' title='bbox 642 2946 762 3028; x_wconf 62' lang='lat' dir='ltr'><strong>logica„</strong></span> <span class='ocrx_word' id='word_1_251' title='bbox 808 2950 887 3029; x_wconf 76' lang='lat' dir='ltr'><strong>Dixi</strong></span> <span class='ocrx_word' id='word_1_252' title='bbox 907 2969 978 3032; x_wconf 83' lang='lat' dir='ltr'><strong>ergo</strong></span> <span class='ocrx_word' id='word_1_253' title='bbox 998 2952 1038 3011; x_wconf 89' lang='lat' dir='ltr'><strong>ad</strong></span> <span class='ocrx_word' id='word_1_254' title='bbox 1057 2938 1152 3012; x_wconf 68' lang='lat' dir='ltr'><strong>eume</strong></span> <span class='ocrx_word' id='word_1_255' title='bbox 1187 2952 1326 3012; x_wconf 82' lang='lat' dir='ltr'><strong>Domine</strong></span> 
     </span>
     <span class='ocr_line' id='line_1_28' title="bbox 204 3047 1324 3131; baseline 0.001 -23"><span class='ocrx_word' id='word_1_256' title='bbox 204 3056 336 3122; x_wconf 76' lang='lat' dir='ltr'><strong>Ductor,</strong></span> <span class='ocrx_word' id='word_1_257' title='bbox 373 3067 439 3116; x_wconf 81' lang='lat' dir='ltr'><strong>vos</strong></span> <span class='ocrx_word' id='word_1_258' title='bbox 458 3047 552 3106; x_wconf 82' lang='lat' dir='ltr'><strong>vultis</strong></span> <span class='ocrx_word' id='word_1_259' title='bbox 578 3067 633 3106; x_wconf 85' lang='lat' dir='ltr'><strong>vos</strong></span> <span class='ocrx_word' id='word_1_260' title='bbox 657 3047 864 3108; x_wconf 84' lang='lat' dir='ltr'><strong>intromittere</strong></span> <span class='ocrx_word' id='word_1_261' title='bbox 882 3049 923 3120; x_wconf 86' lang='lat' dir='ltr'><strong>in·</strong></span> <span class='ocrx_word' id='word_1_262' title='bbox 939 3051 1062 3129; x_wconf 85' lang='lat' dir='ltr'><strong>negotio</strong></span> <span class='ocrx_word' id='word_1_263' title='bbox 1083 3049 1324 3131; x_wconf 85' lang='lat' dir='ltr'><strong>Theologorum,</strong></span> 
     </span>
     <span class='ocr_line' id='line_1_29' title="bbox 204 3145 1324 3231; baseline 0.001 -22"><span class='ocrx_word' id='word_1_264' title='bbox 204 3151 287 3231; x_wconf 92' lang='lat' dir='ltr'><strong>quod</strong></span> <span class='ocrx_word' id='word_1_265' title='bbox 307 3168 370 3208; x_wconf 88' lang='lat' dir='ltr'><strong>non</strong></span> <span class='ocrx_word' id='word_1_266' title='bbox 391 3145 490 3205; x_wconf 82' lang='lat' dir='ltr'><strong>estin</strong></span> <span class='ocrx_word' id='word_1_267' title='bbox 515 3147 661 3206; x_wconf 79' lang='lat' dir='ltr'><strong>facultate</strong></span> <span class='ocrx_word' id='word_1_268' title='bbox 681 3157 790 3207; x_wconf 80' lang='lat' dir='ltr'><strong>vestra.</strong></span> <span class='ocrx_word' id='word_1_269' title='bbox 850 3149 915 3229; x_wconf 87' lang='lat' dir='ltr'><strong>Ego</strong></span> <span class='ocrx_word' id='word_1_270' title='bbox 937 3149 1096 3214; x_wconf 83' lang='lat' dir='ltr'><strong>suaderem</strong></span> <span class='ocrx_word' id='word_1_271' title='bbox 1117 3149 1218 3222; x_wconf 91' lang='lat' dir='ltr'><strong>vobis,</strong></span> <span class='ocrx_word' id='word_1_272' title='bbox 1240 3151 1324 3229; x_wconf 90' lang='lat' dir='ltr'><strong>quod</strong></span> 
     </span>
     <span class='ocr_line' id='line_1_30' title="bbox 204 3245 1324 3330; baseline -0.002 -20"><span class='ocrx_word' id='word_1_273' title='bbox 204 3246 417 3322; x_wconf 84' lang='lat' dir='ltr'><strong>dimitteretis,</strong></span> <span class='ocrx_word' id='word_1_274' title='bbox 438 3248 511 3323; x_wconf 83' lang='lat' dir='ltr'><strong>quia</strong></span> <span class='ocrx_word' id='word_1_275' title='bbox 529 3257 585 3305; x_wconf 75' lang='lat' dir='ltr'><strong>uos</strong></span> <span class='ocrx_word' id='word_1_276' title='bbox 606 3266 670 3308; x_wconf 87' lang='lat' dir='ltr'><strong>nou</strong></span> <span class='ocrx_word' id='word_1_277' title='bbox 690 3245 860 3326; x_wconf 84' lang='lat' dir='ltr'><strong>intelligitis</strong></span> <span class='ocrx_word' id='word_1_278' title='bbox 881 3247 1039 3308; x_wconf 85' lang='lat' dir='ltr'><strong>materiam</strong></span> <span class='ocrx_word' id='word_1_279' title='bbox 1060 3249 1162 3326; x_wconf 73' lang='lat' dir='ltr'><strong>iatam3</strong></span> <span class='ocrx_word' id='word_1_280' title='bbox 1181 3249 1324 3330; x_wconf 82' lang='lat' dir='ltr'><strong>aliaapo-</strong></span> 
     </span>
     <span class='ocr_line' id='line_1_31' title="bbox 203 3331 1324 3428; baseline 0 -20"><span class='ocrx_word' id='word_1_281' title='bbox 203 3331 287 3411; x_wconf 84' lang='lat' dir='ltr'><strong>testis</strong></span> <span class='ocrx_word' id='word_1_282' title='bbox 306 3345 413 3411; x_wconf 84' lang='lat' dir='ltr'><strong>venire</strong></span> <span class='ocrx_word' id='word_1_283' title='bbox 433 3345 472 3404; x_wconf 92' lang='lat' dir='ltr'><strong>ad</strong></span> <span class='ocrx_word' id='word_1_284' title='bbox 492 3345 655 3418; x_wconf 85' lang='lat' dir='ltr'><strong>damnum,</strong></span> <span class='ocrx_word' id='word_1_285' title='bbox 676 3344 748 3424; x_wconf 88' lang='lat' dir='ltr'><strong>quia</strong></span> <span class='ocrx_word' id='word_1_286' title='bbox 768 3346 919 3426; x_wconf 82' lang='lat' dir='ltr'><strong>Theologi</strong></span> <span class='ocrx_word' id='word_1_287' title='bbox 939 3367 1002 3408; x_wconf 87' lang='lat' dir='ltr'><strong>uon</strong></span> <span class='ocrx_word' id='word_1_288' title='bbox 1023 3347 1149 3421; x_wconf 86' lang='lat' dir='ltr'><strong>volunt,</strong></span> <span class='ocrx_word' id='word_1_289' title='bbox 1169 3348 1251 3428; x_wconf 82' lang='lat' dir='ltr'><strong>quod</strong></span> <span class='ocrx_word' id='word_1_290' title='bbox 1267 3351 1324 3413; x_wconf 55' lang='lat' dir='ltr'><strong>Juf</strong></span> 
     </span>
     <span class='ocr_line' id='line_1_32' title="bbox 159 3442 1323 3524; baseline 0 -15"><span class='ocrx_word' id='word_1_291' title='bbox 159 3443 162 3450; x_wconf 70' lang='grc'><strong>’</strong></span> <span class='ocrx_word' id='word_1_292' title='bbox 202 3450 294 3510; x_wconf 82' lang='lat' dir='ltr'><strong>ristac</strong></span> <span class='ocrx_word' id='word_1_293' title='bbox 315 3445 426 3524; x_wconf 78' lang='lat' dir='ltr'><strong>debent</strong></span> <span class='ocrx_word' id='word_1_294' title='bbox 445 3454 575 3504; x_wconf 84' lang='lat' dir='ltr'><strong>tractare</strong></span> <span class='ocrx_word' id='word_1_295' title='bbox 594 3464 696 3503; x_wconf 84' lang='lat' dir='ltr'><strong>causas</strong></span> <span class='ocrx_word' id='word_1_296' title='bbox 714 3442 794 3504; x_wconf 87' lang='lat' dir='ltr'><strong>fidei.</strong></span> <span class='ocrx_word' id='word_1_297' title='bbox 830 3446 871 3504; x_wconf 90' lang='lat' dir='ltr'><strong>Et</strong></span> <span class='ocrx_word' id='word_1_298' title='bbox 888 3445 989 3508; x_wconf 86' lang='lat' dir='ltr'><strong>atatim</strong></span> <span class='ocrx_word' id='word_1_299' title='bbox 1013 3445 1072 3504; x_wconf 51' lang='lat' dir='ltr'><strong>¹ille</strong></span> <span class='ocrx_word' id='word_1_300' title='bbox 1101 3447 1196 3508; x_wconf 81' lang='lat' dir='ltr'><strong>iratus</strong></span> <span class='ocrx_word' id='word_1_301' title='bbox 1224 3448 1323 3509; x_wconf 84' lang='lat' dir='ltr'><strong>dixit:</strong></span> 
     </span>
     <span class='ocr_line' id='line_1_33' title="bbox 202 3543 1344 3629; baseline -0.004 -22"><span class='ocrx_word' id='word_1_302' title='bbox 202 3551 267 3629; x_wconf 84' lang='lat' dir='ltr'><strong>Ego</strong></span> <span class='ocrx_word' id='word_1_303' title='bbox 297 3566 361 3606; x_wconf 85' lang='lat' dir='ltr'><strong>non</strong></span> <span class='ocrx_word' id='word_1_304' title='bbox 385 3545 485 3604; x_wconf 83' lang='lat' dir='ltr'><strong>solum</strong></span> <span class='ocrx_word' id='word_1_305' title='bbox 514 3543 652 3623; x_wconf 81' lang='lat' dir='ltr'><strong>intelligo</strong></span> <span class='ocrx_word' id='word_1_306' title='bbox 679 3545 768 3604; x_wconf 86' lang='lat' dir='ltr'><strong>istam</strong></span> <span class='ocrx_word' id='word_1_307' title='bbox 788 3543 964 3616; x_wconf 75' lang='lat' dir='ltr'><strong>nuteriam,</strong></span> <span class='ocrx_word' id='word_1_308' title='bbox 1007 3545 1061 3604; x_wconf 85' lang='lat' dir='ltr'><strong>sed</strong></span> <span class='ocrx_word' id='word_1_309' title='bbox 1094 3547 1185 3614; x_wconf 84' lang='lat' dir='ltr'><strong>etiam</strong></span> <span class='ocrx_word' id='word_1_310' title='bbox 1217 3545 1344 3619; x_wconf 77' lang='lat' dir='ltr'><strong>video,⁸</strong></span> 
     </span>
     <span class='ocr_line' id='line_1_34' title="bbox 165 3643 1321 3735; baseline -0.003 -29"><span class='ocrx_word' id='word_1_311' title='bbox 165 3727 167 3735; x_wconf 18' lang='lat' dir='ltr'><strong><em>J</em></strong></span> <span class='ocrx_word' id='word_1_312' title='bbox 187 3646 285 3728; x_wconf 85' lang='lat' dir='ltr'><strong>&#39;quod</strong></span> <span class='ocrx_word' id='word_1_313' title='bbox 303 3655 338 3704; x_wconf 89' lang='lat' dir='ltr'><strong>tu</strong></span> <span class='ocrx_word' id='word_1_314' title='bbox 361 3665 392 3703; x_wconf 86' lang='lat' dir='ltr'><strong>es</strong></span> <span class='ocrx_word' id='word_1_315' title='bbox 413 3663 475 3702; x_wconf 89' lang='lat' dir='ltr'><strong>una</strong></span> <span class='ocrx_word' id='word_1_316' title='bbox 494 3643 658 3704; x_wconf 79' lang='lat' dir='ltr'><strong>meledicta</strong></span> <span class='ocrx_word' id='word_1_317' title='bbox 675 3643 777 3704; x_wconf 79' lang='lat' dir='ltr'><strong>bestia.</strong></span> <span class='ocrx_word' id='word_1_318' title='bbox 839 3643 929 3704; x_wconf 84' lang='lat' dir='ltr'><strong>Tunc</strong></span> <span class='ocrx_word' id='word_1_319' title='bbox 947 3643 1013 3716; x_wconf 72' lang='lat' dir='ltr'><strong>tut</strong></span> <span class='ocrx_word' id='word_1_320' title='bbox 1025 3643 1117 3722; x_wconf 84' lang='lat' dir='ltr'><strong>etiam</strong></span> <span class='ocrx_word' id='word_1_321' title='bbox 1140 3655 1321 3718; x_wconf 83' lang='lat' dir='ltr'><strong>commotus,</strong></span> 
     </span>
    </p>

    <p class='ocr_par' dir='ltr' id='par_1_6' title="bbox 199 3741 1402 4224">
     <span class='ocr_line' id='line_1_35' title="bbox 202 3741 1323 3820; baseline -0.006 -11"><span class='ocrx_word' id='word_1_322' title='bbox 202 3757 233 3808; x_wconf 89' lang='lat' dir='ltr'><strong>et</strong></span> <span class='ocrx_word' id='word_1_323' title='bbox 259 3742 398 3815; x_wconf 85' lang='lat' dir='ltr'><strong>surrexi,</strong></span> <span class='ocrx_word' id='word_1_324' title='bbox 423 3751 468 3801; x_wconf 61' lang='lat' dir='ltr'><strong>vet</strong></span> <span class='ocrx_word' id='word_1_325' title='bbox 495 3741 658 3804; x_wconf 76' lang='lat' dir='ltr'><strong>fuitinter</strong></span> <span class='ocrx_word' id='word_1_326' title='bbox 682 3761 739 3802; x_wconf 87' lang='lat' dir='ltr'><strong>nos</strong></span> <span class='ocrx_word' id='word_1_327' title='bbox 761 3759 878 3820; x_wconf 42' lang='lat' dir='ltr'><strong>magna&gt;</strong></span> <span class='ocrx_word' id='word_1_328' title='bbox 896 3741 965 3801; x_wconf 85' lang='lat' dir='ltr'><strong>rixa</strong></span> <span class='ocrx_word' id='word_1_329' title='bbox 982 3741 1015 3801; x_wconf 86' lang='lat' dir='ltr'><strong>in</strong></span> <span class='ocrx_word' id='word_1_330' title='bbox 1037 3742 1089 3802; x_wconf 87' lang='lat' dir='ltr'><strong>die</strong></span> <span class='ocrx_word' id='word_1_331' title='bbox 1107 3742 1171 3804; x_wconf 87' lang='lat' dir='ltr'><strong>illa.</strong></span> <span class='ocrx_word' id='word_1_332' title='bbox 1230 3743 1323 3803; x_wconf 71' lang='lat' dir='ltr'><strong>Dixit</strong></span> 
     </span>
     <span class='ocr_line' id='line_1_36' title="bbox 200 3840 1402 3931; baseline 0 -29"><span class='ocrx_word' id='word_1_333' title='bbox 200 3858 275 3931; x_wconf 68' lang='lat' dir='ltr'><strong>tunc</strong></span> <span class='ocrx_word' id='word_1_334' title='bbox 295 3841 372 3902; x_wconf 88' lang='lat' dir='ltr'><strong>mihi</strong></span> <span class='ocrx_word' id='word_1_335' title='bbox 392 3840 537 3919; x_wconf 82' lang='lat' dir='ltr'><strong>Magister</strong></span> <span class='ocrx_word' id='word_1_336' title='bbox 555 3851 657 3900; x_wconf 84' lang='lat' dir='ltr'><strong>noster</strong></span> <span class='ocrx_word' id='word_1_337' title='bbox 676 3844 792 3906; x_wconf 82' lang='lat' dir='ltr'><strong>Petrus</strong></span> <span class='ocrx_word' id='word_1_338' title='bbox 804 3844 927 3918; x_wconf 82' lang='lat' dir='ltr'><strong>Meyer,</strong></span> <span class='ocrx_word' id='word_1_339' title='bbox 956 3841 1321 3914; x_wconf 6' lang='lat' dir='ltr'><strong>Flebanuswh&#39;raucoior-</strong></span> <span class='ocrx_word' id='word_1_340' title='bbox 1396 3846 1402 3860; x_wconf 97' lang='grc'><strong><em>’</em></strong></span> 
     </span>
     <span class='ocr_line' id='line_1_37' title="bbox 200 3933 1320 4026; baseline -0.004 -22"><span class='ocrx_word' id='word_1_341' title='bbox 200 3943 329 4004; x_wconf 86' lang='lat' dir='ltr'><strong>diensis:</strong></span> <span class='ocrx_word' id='word_1_342' title='bbox 349 3941 461 4003; x_wconf 86' lang='lat' dir='ltr'><strong>Eamus</strong></span> <span class='ocrx_word' id='word_1_343' title='bbox 481 3939 519 3998; x_wconf 92' lang='lat' dir='ltr'><strong>ad</strong></span> <span class='ocrx_word' id='word_1_344' title='bbox 539 3939 705 4019; x_wconf 81' lang='lat' dir='ltr'><strong>hospitium</strong></span> <span class='ocrx_word' id='word_1_345' title='bbox 725 3959 783 4019; x_wconf 88' lang='lat' dir='ltr'><strong>pro</strong></span> <span class='ocrx_word' id='word_1_346' title='bbox 805 3939 979 4014; x_wconf 73' lang='lat' dir='ltr'><strong>comedere,</strong></span> <span class='ocrx_word' id='word_1_347' title='bbox 1000 3941 1074 4020; x_wconf 82' lang='lat' dir='ltr'><strong>quia</strong></span> <span class='ocrx_word' id='word_1_348' title='bbox 1088 3951 1133 4023; x_wconf 81' lang='lat' dir='ltr'><strong>eat</strong></span> <span class='ocrx_word' id='word_1_349' title='bbox 1146 3933 1320 4026; x_wconf 74' lang='lat' dir='ltr'><strong>tampuaad</strong></span> 
     </span>
     <span class='ocr_line' id='line_1_38' title="bbox 200 4037 1321 4134; baseline -0.002 -32"><span class='ocrx_word' id='word_1_350' title='bbox 200 4041 381 4134; x_wconf 63' lang='lat' dir='ltr'><strong>prandium</strong></span> <span class='ocrx_word' id='word_1_351' title='bbox 415 4037 597 4118; x_wconf 83' lang='lat' dir='ltr'><strong>permittatis</strong></span> <span class='ocrx_word' id='word_1_352' title='bbox 616 4048 695 4098; x_wconf 83' lang='lat' dir='ltr'><strong>stara</strong></span> <span class='ocrx_word' id='word_1_353' title='bbox 715 4038 805 4098; x_wconf 89' lang='lat' dir='ltr'><strong>illum</strong></span> <span class='ocrx_word' id='word_1_354' title='bbox 823 4040 940 4102; x_wconf 83' lang='lat' dir='ltr'><strong>bouum</strong></span> <span class='ocrx_word' id='word_1_355' title='bbox 960 4039 1081 4114; x_wconf 80' lang='lat' dir='ltr'><strong>virum,</strong></span> <span class='ocrx_word' id='word_1_356' title='bbox 1108 4040 1161 4120; x_wconf 86' lang='lat' dir='ltr'><strong>qui</strong></span> <span class='ocrx_word' id='word_1_357' title='bbox 1184 4061 1248 4100; x_wconf 90' lang='lat' dir='ltr'><strong>non</strong></span> <span class='ocrx_word' id='word_1_358' title='bbox 1269 4041 1321 4100; x_wconf 87' lang='lat' dir='ltr'><strong>in-</strong></span> 
     </span>
     <span class='ocr_line' id='line_1_39' title="bbox 199 4136 1321 4224; baseline -0.001 -23"><span class='ocrx_word' id='word_1_359' title='bbox 199 4140 310 4224; x_wconf 74' lang='lat' dir='ltr'><strong>telligit</strong></span> <span class='ocrx_word' id='word_1_360' title='bbox 333 4136 413 4198; x_wconf 82' lang='lat' dir='ltr'><strong>facta</strong></span> <span class='ocrx_word' id='word_1_361' title='bbox 440 4158 512 4211; x_wconf 90' lang='lat' dir='ltr'><strong>sua,</strong></span> <span class='ocrx_word' id='word_1_362' title='bbox 552 4136 617 4216; x_wconf 89' lang='lat' dir='ltr'><strong>ipse</strong></span> <span class='ocrx_word' id='word_1_363' title='bbox 645 4136 745 4202; x_wconf 84' lang='lat' dir='ltr'><strong>adhue</strong></span> <span class='ocrx_word' id='word_1_364' title='bbox 772 4138 896 4198; x_wconf 87' lang='lat' dir='ltr'><strong>deberet</strong></span> <span class='ocrx_word' id='word_1_365' title='bbox 921 4138 968 4198; x_wconf 86' lang='lat' dir='ltr'><strong>ire</strong></span> <span class='ocrx_word' id='word_1_366' title='bbox 995 4139 1035 4198; x_wconf 86' lang='lat' dir='ltr'><strong>ad</strong></span> <span class='ocrx_word' id='word_1_367' title='bbox 1061 4142 1156 4200; x_wconf 85' lang='lat' dir='ltr'><strong>scolas</strong></span> <span class='ocrx_word' id='word_1_368' title='bbox 1178 4139 1321 4215; x_wconf 82' lang='lat' dir='ltr'><strong>desuper.</strong></span> 
     </span>
    </p>

    <p class='ocr_par' dir='ltr' id='par_1_7' title="bbox 200 4234 1321 4323">
     <span class='ocr_line' id='line_1_40' title="bbox 200 4234 1321 4323; baseline -0.005 -23"><span class='ocrx_word' id='word_1_369' title='bbox 200 4237 261 4302; x_wconf 82' lang='lat' dir='ltr'><strong>sed</strong></span> <span class='ocrx_word' id='word_1_370' title='bbox 282 4234 396 4300; x_wconf 82' lang='lat' dir='ltr'><strong>debetis</strong></span> <span class='ocrx_word' id='word_1_371' title='bbox 415 4234 501 4308; x_wconf 80' lang='lat' dir='ltr'><strong>scire,</strong></span> <span class='ocrx_word' id='word_1_372' title='bbox 520 4237 667 4323; x_wconf 78' lang='lat' dir='ltr'><strong>Magister</strong></span> <span class='ocrx_word' id='word_1_373' title='bbox 679 4237 828 4310; x_wconf 79' lang='lat' dir='ltr'><strong>Ortuiue,</strong></span> <span class='ocrx_word' id='word_1_374' title='bbox 848 4237 930 4322; x_wconf 88' lang='lat' dir='ltr'><strong>quod</strong></span> <span class='ocrx_word' id='word_1_375' title='bbox 951 4237 1093 4302; x_wconf 81' lang='lat' dir='ltr'><strong>volumus</strong></span> <span class='ocrx_word' id='word_1_376' title='bbox 1107 4236 1321 4318; x_wconf 87' lang='lat' dir='ltr'><strong>pulcherrime</strong></span> 
     </span>
    </p>
   </div>
   <div class='ocr_carea' id='block_1_5' title="bbox 0 0 1452 4716">
    <p class='ocr_par' dir='ltr' id='par_1_8' title="bbox 0 0 1452 4716">
     <span class='ocr_line' id='line_1_41' title="bbox 0 0 1452 4716; baseline 0 4"><span class='ocrx_word' id='word_1_377' title='bbox 0 0 1452 4716; x_wconf 95' lang='lat' dir='ltr'><strong> </strong></span> 
     </span>
    </p>
   </div>
  </div>
 </body>
</html>
