2872 4722
632 221 671 254 Α
684 225 698 274 'sN

203 289 266 370 tot
500 287 504 300 “
565 222 967 390 Εὲιζτοιη

205 463 249 522 eis
260 432 342 522 bone
355 466 436 520 anto.
477 439 591 516 Dioent
605 451 751 534 quioquid
765 447 877 523 veiint,
903 471 970 535 ego,
980 457 1038 534 pet·
1052 451 1145 530 Deos,
1156 471 1220 516 non
1233 453 1341 518 eredo.

142 562 146 572 '
204 561 245 622 Et
264 559 308 621 sio
329 559 438 646 valete.
458 556 573 615 Detum
588 553 717 626 Romae,
737 553 772 614 in
784 551 920 636 hospitio
937 551 977 614 ed
993 553 1182 634 Campanam
1200 551 1342 616 incam-

204 659 341 743 possoro,
362 654 508 718 vicesima
518 653 621 756 urimo
633 653 773 734 Augusti.

184 819 186 829 '
205 825 350 904 Epistola
364 819 531 894 eujusdam
546 819 665 879 Deroti
686 831 716 878 et
730 820 937 896 imperterriti
950 820 1092 892 Fratris,
1112 820 1217 910 suncti
1231 832 1261 878 et
1273 823 1338 883 im·
1424 837 1425 860 *

201 926 321 1005 polluti
339 919 485 992 Ordinis,
506 917 564 976 hoc
576 930 638 991 est,
660 917 731 1009 diei
745 921 940 997 Augustini,
960 917 999 977 de
1018 919 1112 977 matis
1130 919 1339 997 novitatibus,

246 1042 346 1102 nuper
354 1022 389 1080 iu
396 1017 668 1096 Uolnrariosuetir,
677 1019 790 1080 disum
799 1020 850 1077 ira
858 1035 952 1096 super
958 1039 1023 1094 uos,
1029 1019 1111 1096 prole
1116 1017 1191 1079 boue
1197 1021 1297 1080 Deus.

145 1197 148 1210 ι
230 1211 233 1218 .
286 1155 424 1220 Humilis
437 1153 665 1214 Fraterioeun.
681 1155 879 1229 Tolletanus,
907 1154 1081 1216 reverendo
1096 1155 1200 1229 Patri,
1234 1154 1339 1216 Fratri
1427 1202 1428 1246 t

127 1285 130 1290 “
204 1257 362 1324 Richards
378 1253 645 1327 Kslberstedensi,
667 1255 804 1315 Domino
824 1274 901 1316 vere
919 1254 1048 1330 devoto,
1070 1256 1101 1315 S.
1113 1255 1148 1314 P.
1161 1255 1201 1313 D.
1263 1253 1339 1313 Nou
1427 1249 1428 1254 ’

204 1379 331 1443 possum
351 1353 409 1414 tibi
429 1367 494 1412 non
514 1352 581 1412 sine
602 1370 712 1433 magno
740 1353 894 1417 cruciatus
916 1352 1014 1412 enimi
1035 1354 1098 1413 mei
1122 1353 1231 1413 doloro
1257 1353 1339 1412 olem
1428 1369 1429 1396 ³

204 1461 336 1532 habere,
358 1451 536 1513 charissime
554 1451 678 1528 Frater,
719 1453 758 1513 de
785 1453 835 1512 his
863 1471 941 1533 quae
961 1451 1050 1513 nobis
1070 1461 1102 1512 ot
1120 1454 1220 1514 nostri
1240 1451 1339 1512 uncti

206 1557 341 1629 ordinis,
362 1552 415 1613 hio
428 1549 463 1610 in
481 1551 606 1612 'civitate
620 1551 744 1613 noviter
764 1561 974 1613 successerunt
994 1563 1026 1611 et
1040 1553 1212 1612 astiterunt.
1252 1551 1339 1629 Quia

206 1654 344 1737 estrpud
357 1667 414 1714 nos
424 1652 458 1712 in
469 1653 630 1713 Conveuto
645 1673 725 1714 unus
736 1653 860 1726 Frater,
885 1667 977 1731 quem
988 1660 1022 1711 tu
1033 1661 1096 1712 met
1104 1650 1230 1726 novisti,
1249 1671 1339 1732 speo-

205 1755 308 1818 tabilis
330 1754 396 1827 vit,
431 1745 517 1811 utilis
536 1746 742 1820 Monssterio‚
770 1759 801 1812 et
820 1759 885 1811 toto
904 1745 1010 1810 ¹‘t'trdini
1035 1749 1243 1824 honorabilis,
1263 1749 1339 1829 quia

206 1855 299 1917 hebet
318 1849 454 1912 tubelent
469 1867 576 1911 vocem
597 1851 631 1913 in
653 1851 765 1926 choro,
799 1859 830 1912 et
844 1849 902 1910 scit
918 1850 1002 1909 ,bene
1025 1849 1135 1910 ludere
1156 1850 1191 1910 in
1207 1849 1339 1930 organis·

206 1957 277 2035 Ipse
289 1967 391 2030 nuper
400 1949 599 2030 loquebatur,
609 1959 654 2010 'st
664 1951 823 2030 peroravit
833 1968 928 2030 unam
947 1950 1058 2010 bonam
1071 1949 1234 2010 fautricem
1251 1947 1340 2009 ordi-

207 2056 256 2116 nis
277 2052 457 2123 formosum,
481 2050 556 2108 olim
576 2043 701 2129 quando
713 2045 782 2124 fuit,
802 2049 857 2110 sed
872 2067 956 2109 nunc
968 2049 1180 2130 apostatavite
1191 2048 1289 2122 nobis,
1308 2055 1340 2107 st

208 2156 290 2216 iacta
310 2161 355 2209 est
376 2138 457 2207 muli
476 2149 589 2222 bestia,
610 2159 641 2207 et
653 2149 734 2208 dixit
745 2159 807 2208 tum
820 2149 962 2222 multum,
983 2149 1067 2228 quod
1082 2149 1149 2230 ipse
1161 2149 1200 2210 ed
1215 2159 1340 2210 noctem
1433 2180 1434 2200 κ

207 2257 295 2316 uenit
311 2251 350 2311 ed
364 2250 456 2308 iilum
476 2248 515 2306 td
529 2248 764 2321 Monnsterium,
783 2260 814 2307 et
827 2248 866 2308 'ed
878 2258 940 2309 tres
954 2259 1060 2308 noctos
1072 2247 1117 2306 ibi
1137 2249 1258 2309 mansit.
1300 2247 1341 2307 Et

108 2359 111 2370 '
208 2357 363 2418 venerunt
382 2349 421 2409 ed
438 2368 506 2407 eam
529 2345 592 2407 ddo
611 2345 664 2407 vel
691 2351 754 2407 tres
774 2349 913 2422 Fratres,
940 2357 972 2410 et
995 2348 1122 2408 inerunt
1136 2345 1241 2408 omues
1258 2335 1342 2408 lestis

209 2463 311 2515 mente
317 2493 327 2526 ,
350 2457 379 2508 et
392 2447 505 2508 leviter
523 2445 635 2506 sensati
652 2465 724 2506 eum
736 2465 799 2522 ea,
823 2457 853 2508 et
867 2447 1011 2508 iecerunt
1023 2453 1145 2522 ouiuss',
1167 2447 1244 2508 utin
1257 2445 1341 2507 festo

208 2551 320 2625 Codri,
342 2541 471 2610 ioitiie'r
489 2533 664 2607 etviriiite'r
680 2555 757 2621 rem,
778 2547 821 2607 its
842 2545 1257 2626 quodbene'contentifuit.
1300 2547 1342 2606 Et

209 2650 332 2735 quando
344 2643 411 2708 ‘dies
422 2637 543 2720 'fectus,
567 2640 649 2725 quod
662 2645 729 2726 ipsa
742 2647 849 2707 debuit
861 2645 900 2705 ed
912 2646 1038 2706 domum
1052 2648 1109 2719 ire,
1129 2647 1283 2730 tonoipse
1292 2645 1343 2706 dia

207 2753 272 2814 xit:
292 2747 386 2824 vent,
398 2754 454 2827 ego
465 2747 538 2806 v'olo
551 2755 583 2804 te
603 2746 739 2805 exterius
757 2748 896 2820 mittere,
916 2744 979 2825 jem
987 2746 1113 2808 vidette
1125 2751 1228 2806 netno.
1269 2745 1342 2827 lpse

98 2880 102 2887 ¹
209 2851 304 2912 distiti
325 2839 376 2908 tte
396 2843 475 2905 inihi
488 2845 577 2903 intes
594 2863 697 2906 meum
711 2846 858 2905 solarium
874 2863 932 2926 pro
945 2855 991 2922 te,
1012 2845 1130 2906 et'alios
1143 2866 1258 2906 omnes.
1300 2843 1343 2906 Et

209 2949 290 3010 dixit
310 2947 394 3026 ipse:
416 2941 471 3025 ‘ego‘
485 2963 549 3002 non
572 2957 696 3023 possum
714 2955 772 3025 'pro
788 2943 865 3004 elios
879 2943 961 3006 dare.
1003 2943 1042 3006 Et
1054 2945 1117 3006 fuit
1134 2943 1257 3024 hoodie
1271 2945 1343 3025 pl'e-

209 3068 286 3110 num
298 3043 432 3104 officium
443 3043 477 3102 in
493 3041 608 3117 choro,
630 3043 738 3123 etipse
753 3041 816 3104 fuit
828 3041 995 3118 officiatem
1028 3055 1103 3104 tune
1116 3044 1254 3126 oportuit
1265 3045 1342 3104 enni

209 3149 248 3210 ed
260 3146 389 3208 chorum
405 3143 462 3215 ire,
474 3140 513 3200 ad
521 3139 733 3221 incipiendum
748 3153 779 3203 et
791 3143 1055 3205 conclaudeudum
1069 3145 1176 3219 horai,
1191 3154 1221 3205 et
1235 3145 1341 3204 statim

209 3249 249 3309 ed
271 3266 338 3307 sem
357 3240 479 3305 revenit
498 3240 532 3300 in
548 3239 736 3316 Dalmatica,
759 3239 797 3303 'et
817 3243 859 3302 in‘
872 3241 965 3318 athis,
994 3257 1025 3304 et
1043 3245 1155 3306 fuitei
1169 3244 1342 3305 amicabilis

209 3350 244 3408 in
258 3355 383 3428 pectore
396 3339 479 3403 inter
490 3341 685 3415 mammillas,
706 3351 736 3401 et
746 3344 779 3403 iit
790 3343 908 3422 gremio
918 3343 1040 3424 egregie
1053 3343 1143 3419 lusit,
1159 3345 1244 3406 etita
1256 3341 1343 3424 quod

209 3469 242 3509 se
254 3442 339 3507 nihil
355 3441 430 3501 moli
441 3439 576 3500 odiliam
588 3439 736 3520 providit.
777 3443 868 3502 Tunc
882 3439 981 3502 custos
995 3443 1132 3523 ptrisuvit
1144 3445 1184 3505 ud
1197 3443 1340 3519 chorum,

210 3545 315 3626 etipse
325 3539 510 3602 cucurritin
521 3539 597 3598 albis
614 3539 681 3598 sine
693 3539 822 3612 breche,
843 3539 883 3600 ud
898 3542 1143 3604 interessendum
1153 3544 1278 3606 divinis.
1300 3546 1342 3605 Et

210 3644 333 3727 quando
346 3638 486 3713 revenit,
507 3647 582 3699 tunc
593 3637 648 3697 itta
662 3639 744 3698 mela
765 3637 862 3699 bestia
878 3637 960 3700 iores
976 3642 1041 3703 vies
1053 3644 1169 3717 iverat,
1185 3627 1223 3704 et
1235 3653 1343 3724 ports-

202 3744 258 3806 'vit
275 3761 379 3802 secum
400 3738 514 3799 bonam
536 3737 783 3818 superindusiem
802 3739 938 3799 tunicum
961 3761 1031 3800 cum
1055 3742 1174 3802 cucullo
1204 3742 1342 3803 debono

97 3837 99 3844 ‘
210 3842 300 3922 nigro
312 3858 425 3922 penno.
466 3839 509 3900 Et
519 3837 640 3918 quando
658 3837 696 3896 ad
711 3836 836 3896 domum
857 3838 960 3914 venit,
986 3853 1058 3901 tune
1074 3843 1175 3903 statim
1193 3842 1343 3922 perscidit

209 3942 245 4002 in
261 3950 380 4021 partes,
401 3946 432 3997 et
444 3933 509 3996 nod
522 3936 627 3997 timuit
637 3937 797 3997 incurrere
811 3937 845 3996 in
859 3939 991 4018 poenam
1005 3941 1342 4015 excommunicationis,

211 4040 294 4123 quod
311 4038 527 4124 vestimentum
543 4045 750 4120 consecratum
765 4037 924 4098 destruxit.
961 4039 1044 4098 Vere
1058 4040 1104 4100 ibi
1117 4041 1279 4122 impletum
1296 4047 1344 4100 est

211 4137 304 4200 illud:
326 4137 509 4198 Diviseru'n't
520 4121 580 4196 sibi
592 4123 775 4199 vestimenti
790 4159 867 4197 meu.
889 4137 929 4197 Et
944 4137 1014 4198 sistit
1027 4129 1150 4218 quidum
1162 4120 1344 4200 zeiosiFiass

210 4245 290 4312 oss„
309 4235 364 4316 qut
376 4223 492 4312 siunt,
504 4223 596 4316 qood
616 4225 768 4299 mestus
781 4226 879 4299 sesua*
892 4233 982 4300 debet
1000 4229 1156 4300 inventus
1174 4240 1207 4302 te
1227 4223 1345 4320 tyrtpta'
