2896 4716
214 365 278 433 ass
580 362 977 430 ur1sr0nsn
1031 351 1035 360 ⁴

215 523 287 583 estis
308 520 463 583 Dominus
490 541 593 595 meus,
635 519 784 600 Magister
807 529 913 582 noster
939 521 1067 580 lacobus
1095 519 1134 579 de
1153 520 1216 580 alta
1236 520 1354 599 platea,
1434 561 1435 570 t

213 621 385 702 Inquisitor
405 621 577 681 haereticae
598 620 764 701 pravitatis
786 619 972 701 Respondit:
995 622 1070 678 Sum
1083 619 1199 698 utique.
1222 620 1262 678 Et
1279 617 1355 677 dedi

214 723 244 781 ei
264 741 390 780 manum
416 719 536 780 dicens:
558 720 587 780 Ο
607 722 706 793 Deus,
728 721 881 799 quomodo
899 721 999 791 venit,
1022 719 1105 797 quod
1127 719 1271 777 inceditis
1293 738 1355 796 per

126 899 130 910 ,
213 821 328 904 pedes?
370 821 424 879 Est
446 820 641 893 scandulum,
670 821 754 899 quod
774 821 844 880 talis
865 821 916 882 vir.
935 820 1023 878 debet
1046 817 1174 896 pedibus
1195 819 1259 877 suis
1283 837 1354 875 am-

213 920 321 983 bulare
341 939 399 1000 per
415 919 552 978 merdam
573 929 603 978 et
623 940 682 999 per
702 921 825 980 lotum.'
856 917 1027 998 Respondit
1048 917 1129 998 ipse,
1164 915 1199 976 hi
1220 920 1255 976 in
1276 938 1354 976 cur-

213 1022 315 1093 ribus,
346 1018 431 1078 ethi
453 1020 488 1078 in
509 1018 610 1098 equis,
646 1041 702 1078 nos
721 1029 822 1079 eutem
844 1021 877 1078 in
900 1017 1027 1077 nornine
1047 1017 1177 1075 Domini
1197 1017 1352 1076 venimus.

215 1121 293 1182 Dixi
315 1119 362 1178 ei:
399 1117 452 1177 sed
472 1138 555 1177 nunc
575 1127 620 1177 est
640 1140 750 1198 magna
775 1119 928 1199 pluviaet
949 1117 1056 1195 frigus.
1120 1117 1211 1174 Tune
1232 1115 1353 1175 levavit

215 1241 324 1282 manus
347 1239 416 1278 suas
438 1217 476 1276 ad
497 1217 632 1292 eoelum,
659 1219 780 1278 dicens:
824 1219 937 1278 Rorate
961 1217 1038 1274 coeli
1062 1214 1210 1294 desuper,
1239 1225 1269 1272 et
1289 1234 1352 1272 nu·
1436 1217 1437 1226 ’

214 1323 267 1383 bes
280 1320 391 1398 pluant
405 1316 529 1395 justum.
572 1319 612 1376 Et
628 1318 759 1398 cogitavi
780 1335 917 1386 mecum,
942 1337 960 1373 o
977 1316 1076 1374 Deus!
1094 1333 1161 1400 ¹non
1178 1324 1223 1373 est
1239 1333 1352 1390 magna

214 1419 354 1494 miseria,
375 1415 456 1495 quod
470 1417 539 1474 talis
548 1417 695 1497 Magister
705 1429 811 1478 noster
825 1418 913 1476 debet
925 1416 1038 1474 habere
1051 1415 1161 1472 malam
1179 1414 1350 1483 fortunam,

214 1531 285 1580 ante
307 1518 383 1576 diros
396 1535 492 1574 annos
507 1536 562 1594 ego
583 1517 650 1576 vidi
672 1537 743 1576 eum
763 1518 873 1578 venire
891 1517 1020 1574 R'osnam
1043 1533 1112 1572 cum
1134 1514 1234 1572 tribus
1252 1513 1350 1592 equis,

214 1629 245 1678 et
266 1635 350 1676 nunc
379 1613 466 1674 vadit
493 1636 551 1695 per
571 1616 686 1695 pedes?
723 1619 764 1676 Et
785 1617 852 1677 dixi
874 1615 917 1674 ei:
958 1613 1061 1673 Vultis
1082 1635 1196 1690 equum
1219 1609 1349 1670 meum?
1437 1603 1438 1632 ³

212 1714 385 1796 Respondit
405 1715 471 1793 ipse
493 1715 638 1772 metrice:
660 1715 726 1794 Qui
748 1716 822 1774 dare
841 1716 910 1776 vult
931 1715 1014 1786 aliis,
1034 1735 1098 1772 non
1120 1714 1211 1772 debet
1229 1711 1350 1770 dicere:

212 1815 333 1879 vultis?
374 1815 466 1872 Tune
485 1814 569 1873 dixi:
611 1816 673 1874 Per
693 1817 815 1888 Deum,
849 1815 963 1874 eximie
984 1813 1135 1885 Domine,
1171 1833 1227 1891 ego
1250 1810 1349 1869 habeo

213 1937 308 1978 unam
328 1913 519 1987 vacantiam,
558 1925 589 1972 et
609 1925 773 1994 propterea
794 1925 915 1994 oportet
937 1935 984 1972 me
1009 1913 1156 1974 velociter
1176 1915 1243 1983 ire,
1275 1909 1350 1967 alias
1438 1970 1439 1994 ἶ

213 2017 327 2078 vellem
348 2013 437 2074 robis
458 2011 531 2072 dare
554 2033 667 2090 equum
691 2035 812 2080 meum,
843 2013 938 2072 etsie
960 2014 1112 2090 dereliqui
1135 2033 1215 2074 eum.
1269 2011 1350 2068 Ecce

213 2135 298 2176 nune
317 2114 400 2200 scitis
421 2113 576 2189 quomodo
598 2124 671 2186 stet,
693 2119 724 2172 'et
743 2113 884 2186 videtur,
906 2113 988 2192 quod
1010 2114 1064 2172 ille
1076 2111 1222 2191 Magister
1244 2119 1351 2169 noster

215 2217 314 2276 estin
335 2233 444 2292 magna
464 2212 606 2286 miseria,
646 2225 810 2294 propterea
830 2212 1002 2292 procuretis
1024 2213 1052 2270 ei
1073 2211 1235 2292 pecuniam
1243 2253 1271 2292 ,ι
1291 2207 1351 2269 vel

176 2347 182 2364 ·
215 2336 305 2375 causa
325 2315 406 2373 male
428 2313 534 2385 stabit,
578 2315 649 2392 quia
671 2315 858 2373 Procurator
877 2312 1002 2372 Ioannis
1025 2311 1194 2383 Reuchlin,
1215 2312 1350 2369 Ioannes

214 2435 278 2477 von
300 2413 356 2473 der
376 2413 489 2487 Wicls,
511 2411 586 2471 facit
605 2413 771 2472 maximum
793 2412 994 2491 diligentiam,
1019 2421 1048 2472 et
1068 2412 1168 2470 currit
1189 2421 1220 2467 et
1239 2429 1350 2468 recur—
1439 2397 1440 2402 ἵ

214 2515 265 2576 rit.
308 2514 348 2572 Et
369 2532 471 2592 nuper
489 2511 637 2591 imposuit
658 2513 807 2593 quaedam
827 2512 941 2590 scripta
962 2521 1064 2572 contra
1083 2511 1265 2592 Magistrum
1289 2521 1348 2566 n'o-

215 2625 313 2674 strum
342 2613 488 2672 Jacobum
517 2611 561 2670 ita
593 2613 784 2685 scandaloso,
818 2611 900 2688 quod
930 2631 985 2691 ego
1008 2613 1120 2682 miror,
1155 2608 1238 2687 quod
1259 2608 1348 2665 Deus

216 2735 281 2774 non
304 2720 410 2792 aperte
431 2711 534 2790 plagat
552 2731 631 2770 euin.
693 2711 761 2790 Ipse
783 2712 874 2769 etiam
896 2731 998 2789 nuper
1016 2710 1204 2790 vituperavit
1222 2706 1348 2787 praeia-

214 2825 282 2874 tum
304 2810 487 2888 Magistrum
510 2819 648 2868 nostrum
668 2810 701 2867 in
723 2809 849 2882 faeiem,
870 2809 987 2870 dicens:
1019 2811 1084 2890 Ego
1105 2809 1232 2869 efficiam
1256 2805 1347 2865 auxi-

215 2914 260 2974 lio
285 2910 439 2982 veritatis,
463 2909 545 2985 quod
564 2919 600 2967 tu
623 2909 767 2967 morieris
789 2909 999 2982 inscendam,
1022 2920 1053 2968 et
1074 2909 1216 2979 miseria,
1238 2919 1270 2964 et
1289 2904 1346 2964 tri-

215 3011 313 3084 stitia,
337 3020 369 3066 et
388 3008 519 3067 loannes
539 3008 695 3072 Reuchlin
716 3008 918 3086 tiunsphabit,
940 3021 970 3066 et
989 3028 1094 3067 omnes
1115 3006 1269 3085 Theologi
1292 3004 1347 3062 de-

114 3141 118 3150 ·
214 3113 289 3173 bent
309 3108 368 3169 hoe
388 3107 512 3179 videre,
534 3108 653 3166 etiamsi
676 3108 824 3166 deberent
844 3109 957 3186 rumpi.
999 3109 1038 3166 Et
1056 3108 1100 3166 sic
1120 3107 1230 3178 video,
1263 3102 1347 3181 quod

215 3211 274 3271 ist'e
293 3207 467 3288 praedictus
488 3207 619 3266 loannes
641 3207 678 3264 de
701 3207 798 3267 Wick
819 3206 1008 3286 praetendit,
1029 3226 1094 3264 esse
1113 3205 1258 3264 inimicus
1278 3223 1346 3262 om-

215 3311 304 3371 nium
325 3307 574 3385 Theologorum,
598 3315 628 3364 et
648 3315 693 3364 est
713 3305 807 3364 homo
829 3305 919 3365 valde
939 3306 1049 3379 audax,
1071 3315 1102 3365 et
1122 3315 1167 3365 est
1186 3305 1229 3364 ita
1248 3315 1347 3376 teme7

215 3410 334 3481 rarius,
367 3416 515 3486 quantum
537 3415 581 3464 est
602 3406 755 3484 possibile.
818 3407 883 3486 Ego
904 3405 1010 3464 audivi
1032 3426 1051 3463 a
1070 3405 1218 3484 Magistro
1240 3412 1345 3462 nostro

179 3562 182 3572 ,
215 3509 344 3577 Iacobo,
365 3507 449 3585 quod
469 3504 564 3564 dixit:
585 3503 654 3562 Nisi
676 3505 785 3563 fuisset
805 3504 878 3580 iste,
907 3526 962 3585 ego
975 3504 1149 3614 habuispem
1162 3502 1346 3562 senteutiam

214 3628 273 3691 pro
296 3627 346 3666 me
367 3605 479 3678 statim,
500 3603 622 3684 quando
644 3605 718 3664 veni
737 3606 879 3678 Romam,
901 3615 931 3664 et
951 3614 996 3663 est
1016 3623 1138 3674 verum,
1160 3603 1344 3680 quinetiam

215 3709 254 3766 ab
276 3706 345 3765 aliis
366 3703 493 3777 audivi,
526 3704 608 3783 quod
628 3703 751 3783 quando
772 3704 918 3783 Magister
936 3712 1041 3763 noster
1059 3705 1186 3764 Iacobus
1207 3702 1346 3784 primum

215 3805 304 3868 venit
324 3805 364 3863 ad
383 3805 555 3863 Romanam
580 3801 720 3876 Curiam,
745 3813 819 3862 tunc
841 3802 902 3862 fuit
922 3803 966 3862 ita
988 3803 1149 3877 terribilis,
1172 3802 1257 3882 quod
1277 3821 1345 3860 om-

215 3926 271 3965 nes
291 3902 447 3964 Curtisani
469 3902 641 3962 timuerunt
661 3923 742 3962 eum.
782 3901 822 3961 Et
843 3902 947 3964 nullus
966 3903 1154 3962 Procurator
1166 3903 1267 3961 voluit
1281 3921 1345 3960 esse

215 4023 274 4086 pro
295 4006 412 4063 Joonne
441 4003 616 4075 Reuchlin,
660 4002 732 4082 quia
759 4001 932 4061 timuerunt
957 4002 1049 4062 talem
1076 4002 1258 4082 Magistrum
1287 4020 1346 4060 no-

215 4115 329 4178 strum;
372 4113 402 4162 et
430 4104 559 4162 Iacobus
594 4101 632 4162 de
663 4098 896 4181 Questenberg,
938 4103 992 4181 qui
1025 4116 1070 4162 est
1086 4104 1193 4162 'etiam
1228 4097 1345 4160 amicus

215 4203 390 4275 Reuchlin,
427 4201 578 4281 quaesivit
597 4222 654 4282 per
672 4211 766 4260 totam
788 4201 919 4260 Romam
944 4203 1087 4262 invenire
1106 4223 1204 4262 unum
1225 4204 1346 4262 Procu-

138 4383 141 4390 Ι
216 4311 367 4373 retorem,
390 4311 420 4360 et
441 4319 505 4360 non
526 4302 628 4380 potuit
649 4302 806 4390 invenire3
840 4301 913 4379 quia
935 4320 1040 4361 omnes
1062 4301 1223 4376 dixerunt,
1260 4299 1343 4383 quod
1439 4299 1440 4306 '
