2872 4722
93 257 96 266 Ι
207 310 270 378 104
340 267 342 274 Α
568 259 966 373 Erls'rotsu

206 443 475 551 praecordialiter,
512 466 595 548 quod
614 465 717 528 velitis
738 465 817 526 mibi
838 475 940 528 tamen
970 466 1120 540 scribere,
1155 475 1187 528 et
1210 469 1334 550 qnando
1378 479 1385 498 ⁸

207 571 303 632 semel
325 567 489 648 scripsistis
522 567 617 641 mihi,
660 577 735 628 tunc
763 587 819 648 ego
846 568 919 630 volo
947 566 1034 658 vobis
1062 562 1162 626 decies
1190 569 1335 644 scribere,
1422 631 1423 634 ,

208 668 281 750 quia
301 668 435 732 libenter
453 667 553 729 scribo
567 667 672 728 amicis
690 664 782 740 meis,
804 673 835 726 et
855 666 928 727 volo
943 687 993 727 me
1013 666 1184 728 exercitare
1203 667 1238 726 in
1260 669 1336 728 scri·
1422 667 1423 672 ’

207 769 324 842 hendo,
345 769 390 827 ita
411 777 447 828 ut
465 787 590 849 possum
613 767 768 847 eleganter
787 765 953 826 dictamina
973 777 1003 826 st
1024 765 1166 846 epistolas
1185 765 1336 828 scribere:
1422 785 1423 816 t

209 889 265 950 ego
284 887 349 928 non
369 885 494 948 possum
515 866 657 945 cogitare,
681 865 757 946 quid
779 876 825 926 est
845 866 880 926 in
900 887 1007 942 cansa,
1038 865 1121 946 qnod
1140 887 1205 927 non
1227 867 1338 927 scribi·
1422 833 1423 922 i

208 969 247 1030 tis
267 967 355 1028 mihi.
417 967 457 1026 Et
475 949 660 1048 ¹conquestus
678 986 745 1026 sum
766 987 883 1046 nuper,
910 965 1034 1046 quando
1054 965 1107 1024 hic
1127 966 1257 1027 fuerunt
1278 965 1337 1026 ali·
1422 993 1423 996 ¹

208 1067 262 1148 qui
291 1065 508 1141 Colonienses,
544 1077 575 1128 et
602 1065 804 1146 interrogavi:
847 1065 934 1144 Quid
965 1065 1040 1126 facit
1067 1075 1170 1126 tamen
1189 1064 1337 1146 Magister
1422 1049 1423 1054 ἵ

204 1165 379 1246 ‚orminos
417 1166 501 1246 quod
530 1186 594 1228 non
622 1166 729 1228 scribit
749 1164 862 1226 mihi:a
883 1165 953 1246 Ipse
973 1186 1037 1226 non
1059 1164 1182 1246 scripsit
1203 1164 1281 1224 mihi
1303 1165 1338 1223 in
1422 1179 1423 1198 ¹

208 1266 327 1330 duobus
347 1264 458 1325 annis:
500 1264 607 1326 dicatis
626 1275 728 1328 tamen
748 1264 795 1340 ei,
826 1265 910 1346 qnod
929 1265 1042 1326 scribat
1062 1264 1160 1340 mihi,
1196 1263 1271 1346 quia
1296 1264 1338 1325 li·
1422 1269 1423 1346 J

208 1364 331 1429 beatius
350 1365 546 1450 velletnsuas
567 1365 672 1427 literas
693 1366 810 1448 legere,
831 1373 923 1446 quam
945 1367 1006 1426 mel
1029 1359 1205 1440 comedere,
1226 1373 1258 1424 et
1272 1363 1338 1444 ipse
1422 1349 1423 1380 ¹

209 1464 272 1527 tuit
292 1464 367 1524 olim
390 1463 505 1524 amicus
525 1465 714 1546 principalis.
771 1467 812 1526 Et
831 1465 1020 1546 interrogavi
1044 1465 1151 1539 etiam,
1183 1464 1337 1544 quomodo

208 1565 318 1626 transit
338 1565 427 1626 vobis
444 1561 482 1626 in
498 1564 554 1624 illa
580 1565 636 1624 lite
662 1567 889 1650 cnmJDoctore
911 1565 1076 1625 Reuchlin.
1137 1566 1227 1625 Tunc
1248 1563 1339 1623 dixe-

198 1657 300 1740 ¹runt,
340 1665 423 1746 quod
451 1664 507 1726 ills
536 1665 649 1725 Jurista
685 1664 742 1728 scit
774 1685 829 1726 vos
857 1660 1052 1725 circumdare
1086 1684 1157 1724 cunr
1185 1684 1240 1724 sua
1262 1673 1336 1724 arte.

209 1766 300 1825 Tunc
320 1763 426 1846 optavi
455 1763 537 1844 quod
558 1764 713 1825 Dominus
737 1765 819 1824 Deus
849 1763 927 1824 velit
955 1762 1028 1824 dare
1055 1764 1142 1824 vobis
1162 1784 1249 1823 suam
1270 1784 1339 1843 gra-

210 1862 301 1940 tiam,
325 1863 407 1944 quod
430 1863 515 1924 eritis
535 1863 644 1926 victor.
686 1865 722 1924 Si
741 1863 837 1926 vultis
859 1861 937 1921 mihi
959 1863 1113 1941 scribere,
1149 1873 1225 1924 tunc
1247 1865 1339 1923 etism

211 1965 327 2030 debetis
348 1962 426 2023 mihi
446 1963 485 2023 de
505 1963 560 2024 illo
581 1964 731 2037 scribere,
757 1963 831 2044 qnia
849 1963 963 2023 vellem
982 1964 1116 2025 libenter
1136 1965 1224 2024 scire.
1285 1961 1339 2023 Isti

124 2043 127 2058 ¹
210 2064 343 2127 insistas
361 2064 479 2150 vadunt
498 2063 567 2139 hic,
589 2074 619 2125 et
641 2064 762 2124 dicunt:
795 2062 913 2122 Ductor
932 2063 1090 2124 Reucblin
1110 2063 1203 2124 babet
1223 2062 1339 2122 bonum

212 2163 388 2244 negotium,
431 2173 462 2223 et
486 2162 638 2246 Theologi
664 2163 698 2222 in
722 2161 853 2223 Colonia
873 2163 1016 2222 fecerunt
1037 2162 1066 2220 ei
1086 2161 1240 2242 injuriam.
1302 2163 1340 2222 Et

211 2283 270 2344 per
289 2265 388 2339 Deos,
418 2282 474 2344 ego
496 2263 607 2336 timeo,
630 2261 726 2346 'quod
744 2261 882 2322 Ecclesia
901 2267 1001 2344 pote'st
1028 2263 1062 2322 in
1085 2261 1264 2346 scandalum
1284 2281 1340 2322 ve-

213 2363 297 2437 nire,
334 2363 360 2422 si
375 2363 432 2422 ille
444 2363 546 2437 liber,
578 2363 745 2442 Speculum
766 2359 905 2437 oculare,
942 2382 1005 2422 non
1026 2362 1235 2437 comburitur,
1270 2360 1342 2441 quia

213 2463 307 2526 babet
322 2463 433 2526 multas
454 2461 679 2548 proppsitiones
700 2462 959 2536 irreverentinles,
980 2471 1011 2522 st
1030 2471 1137 2522 contra
1153 2460 1262 2521 Fidem
1284 2460 1342 2520 Ca-

214 2561 369 2622 tholieam.
409 2563 450 2622 Et
470 2561 498 2621 si
517 2581 581 2622 non
603 2562 722 2640 cogitur
740 2563 797 2624 ills
816 2563 930 2624 turisn
949 2562 988 2622 ad
1007 2563 1246 2634 revocationem,
1269 2569 1345 2620 tunc

216 2661 271 2722 alii
285 2663 385 2722 setiam
410 2662 573 2722 tentabunt
603 2663 648 2720 sic
671 2662 804 2722 scribere
830 2649 865 2723 in
891 2663 1077 2744 T'heologia,
1109 2661 1249 2742 quamvis
1279 2679 1345 2718 non

215 2761 333 2836 sciunt,
356 2771 387 2821 et
406 2781 508 2841 neque
528 2761 714 2821 studuerunt
733 2761 767 2821 iu
792 2761 845 2823 via
868 2764 1025 2838 Thomas,
1045 2783 1146 2842 neque
1168 2761 1203 2821 in
1222 2759 1345 2821 viant-

215 2859 312 2932 borti,
348 2881 450 2940 neque
477 2860 578 2919 Scoti:
613 2870 644 2919 et
665 2860 756 2921 etiam
777 2881 841 2920 non
861 2872 935 2923 sunt
960 2859 1131 2923 illuminati
1149 2860 1184 2921 in
1204 2843 1267 2938 fide
1286 2878 1345 2940 per
1422 2879 1423 2888 ¹

217 2958 344 3037 gratiam
365 2956 499 3038 Spiritus
519 2959 624 3018 sancti.
654 2960 737 3039 Quia
758 2961 967 3042 unusquisque
988 2962 1078 3023 debet
1099 2981 1225 3021 manere
1244 2960 1279 3020 in
1296 2959 1347 3018 sa·

218 3059 331 3118 cultata
351 3077 424 3138 sua,
460 3067 491 3118 et
517 3079 582 3120 nou
607 3058 697 3119 debet
723 3057 845 3118 mittere
869 3060 981 3121 falcem
1000 3063 1035 3124 in
1056 3080 1184 3121 messem
1203 3057 1347 3133 alterius3
1422 3061 1423 3142 J

219 3156 292 3238 quia
309 3167 396 3219 sutor
416 3167 461 3218 est
480 3166 581 3235 sutor,
613 3170 644 3220 et
662 3169 761 3220 sartor
781 3169 826 3219 est
846 3170 963 3236 sartor,
1008 3172 1039 3223 et
1066 3161 1155 3222 faber
1181 3170 1225 3220 est
1248 3159 1347 3219 faber.
1422 3233 1423 3236 J

219 3257 259 3316 Et
277 3276 341 3316 non
358 3267 453 3320 staret
473 3258 561 3333 bene,
585 3259 613 3320 si
635 3279 715 3320 unns
736 3270 835 3320 sartor
844 3260 940 3322 vellet
953 3261 1055 3321 facere
1077 3262 1193 3320 calceos
1212 3259 1266 3320 vel
1284 3267 1349 3318 sta-
1422 3247 1423 3334 J

149 3423 151 3428 ,
220 3358 327 3418 multa.
366 3357 431 3418 Vos
454 3357 569 3419 debetis
590 3359 735 3422 audacter
754 3359 921 3420 defendere
941 3381 1014 3434 vos,
1048 3371 1079 3422 et
1103 3365 1220 3420 'sacram
1241 3357 1349 3418 Theo·

220 3457 350 3538 logiam,
385 3468 416 3517 et
437 3476 493 3538 ego
516 3459 609 3520 orabo
631 3460 734 3518 Donni
753 3478 812 3539 pro
826 3459 937 3532 robis,
977 3460 1061 3539 qnod
1082 3459 1161 3521 velit
1179 3456 1268 3520 vobis
1288 3455 1349 3516 tri-
1422 3503 1423 3544 t

105 3605 150 3632 ,,
221 3558 316 3617 buere
337 3557 466 3636 gratiam
485 3577 588 3633 suam,
620 3557 853 3619 catillaminum
873 3567 1011 3618 vestrum
1030 3559 1237 3631 intellectum,
1268 3555 1350 3616 sieut
1422 3567 1423 3576 ¹

163 3731 167 3739 J
222 3655 298 3716 fecit
318 3656 453 3736 antiquis
472 3658 629 3737 patribus,
664 3675 705 3716 ne
735 3655 874 3716 diabolus
902 3659 1080 3737 praevaleat
1106 3676 1177 3720 cum
1198 3655 1262 3716 suis
1282 3676 1350 3715 ser-

222 3755 374 3818 vitoribus
396 3768 502 3830 contra
520 3757 675 3838 justitiam.
737 3755 798 3814 Sed
828 3755 952 3817 scribite
981 3759 1059 3818 mihi
1088 3769 1192 3817 tamen
1219 3767 1350 3836 propter
1422 3835 1423 3840 J

151 3889 158 3904 ι
222 3858 344 3929 Deum,
366 3857 520 3936 quomodo
540 3857 625 3917 statis
644 3875 719 3928 vos,
741 3853 842 3914 facitis
862 3855 938 3916 mibi
959 3863 1100 3939 magnam
1116 3856 1297 3938 angustiam,
1320 3865 1352 3914 et
1422 3865 1423 3890 ³

224 3975 288 4018 non
308 3955 459 4036 indigetis.
489 3957 563 4018 Sed
581 3976 638 4037 pro
659 3973 743 4014 nuno
762 3956 943 4017 commendo
963 3979 1019 4022 vos
1034 3956 1171 4020 Domino
1184 3959 1265 4018 Deo.
1285 3955 1352 4017 Va·
1422 3949 1423 3978 ³

224 4058 287 4116 leto
306 4054 340 4116 in
360 4055 493 4118 Christo.
533 4058 648 4118 Datum
666 4054 913 4116 Francofordiae.
966 4045 969 4050 ’

687 4203 892 4220 m
