2872 4722
240 283 301 350 124
601 283 997 348 El'lS'l'OLAli

141 489 145 497 s
236 437 331 516 meis,
365 458 436 500 cum
458 459 515 501 vos
538 437 616 498 bene
635 436 752 499 hebetis
774 438 891 520 majore
911 460 968 522 pro
989 440 1123 522 agendo:
1162 443 1214 506 sod
1230 445 1334 512 dixistis

167 587 170 595 ,
236 539 315 600 mihi
342 539 432 614 olim,
468 535 551 617 quod
579 535 721 597 deberem
750 537 838 600 vobis
864 559 986 620 semper
1013 542 1162 618 scribere,
1198 549 1333 626 quomodo
1396 590 1397 634 ,

234 638 406 711 studerem,
439 644 470 696 et
489 655 553 695 non
573 634 716 696 deberem
738 655 853 698 cessero
872 636 907 698 iu
927 638 1095 714 studendo,
1136 639 1188 700 sed
1208 643 1333 706 deberem

233 739 416 820 procedere,
436 732 510 814 quio
527 732 672 794 haberem
694 735 809 794 bouum
828 734 1002 817 ingenium,
1025 747 1056 798 et
1073 758 1193 818 possem
1213 743 1333 803 cunrad-

232 837 347 918 jntorio
367 831 428 896 Dei
448 834 527 892 beno
546 831 712 912 proficere,
734 833 762 892 si
780 841 843 893 met
862 835 985 896 vellem.
1025 838 1107 918 Ergo
1129 837 1241 898 debetis
1258 838 1332 914 seire,

233 935 316 1017 quod
334 955 389 1015 ego
409 951 466 1015 pro
488 951 573 991 nunc
593 931 710 992 contuli
729 951 779 992 me
799 931 838 991 ad
858 933 993 995 studium
1012 935 1281 1018 Heidelbergeme,
1307 948 1332 1006 et
1397 940 1398 960 *

232 1033 338 1094 studeo
357 1032 393 1092 in
412 1029 592 1110 Theologis.
649 1030 710 1090 Sed
733 1049 803 1090 cum
825 1030 884 1091 hoc
902 1033 994 1094 audio
1017 1035 1156 1115 quotidie
1175 1056 1264 1096 uuam
1280 1037 1331 1095 lee-

230 1133 346 1194 tienom
366 1131 401 1191 in
420 1129 560 1204 Poetrie,
588 1128 622 1188 in
642 1148 703 1207 que
723 1128 825 1210 incepi
852 1131 1002 1210 proficere
1022 1134 1201 1194 notabiliter
1220 1133 1257 1193 do
1274 1155 1332 1213 gra·

229 1231 273 1293 tis
292 1228 372 1304 Dei,
408 1239 438 1289 et
457 1227 517 1308 jsm
536 1227 600 1287 scio
620 1235 811 1288 mortetenus
831 1231 1077 1292 omnessebules
1099 1231 1207 1296 Ovidii
1226 1231 1257 1290 in
1274 1233 1330 1292 Me
1398 1288 1399 1318 ,

229 1327 475 1410 tamorphoseos,
499 1337 530 1385 et
549 1327 613 1387 seio
633 1348 683 1386 ees
704 1346 860 1406 exponere
881 1329 1142 1409 quadrupliciter,
1162 1329 1272 1390 scilicet
1285 1349 1330 1388 ua·
1398 1319 1399 1338 ¹

228 1427 386 1500 turaliter,
413 1424 592 1498 litorelitor‚
622 1421 839 1500 historialiter,
864 1437 894 1488 et
919 1427 1140 1508 spiritualiter,
1175 1427 1255 1509 quod
1278 1447 1330 1487 nou

106 1514 115 1534 ⁸
227 1528 329 1590 sciunt
353 1524 407 1584 isti
433 1523 546 1584 Poetae
571 1525 732 1585 seculares.
791 1525 832 1588 Et
859 1545 961 1606 nuper
980 1525 1169 1608 interrogari
1190 1545 1279 1586 unum
1298 1544 1330 1582 ex

171 1617 172 1626 ¹
226 1627 308 1701 illis,
328 1624 411 1686 raude
431 1622 545 1683 dicitur
565 1623 712 1684 Mavors?
752 1631 826 1684 tune
839 1623 920 1684 dixit
940 1624 1018 1684 milri
1038 1645 1135 1686 unum
1155 1623 1329 1694 senteutiam,

227 1745 306 1807 quse
325 1743 390 1784 non
410 1721 473 1782 fuit
492 1742 583 1784 vera:
602 1724 656 1781 sed
676 1721 767 1782 etism
789 1723 912 1784 correxi
931 1742 1009 1798 eom,
1031 1733 1062 1784 et
1075 1722 1155 1796 dixi,
1178 1721 1258 1803 quod
1271 1721 1329 1780 Ma·
1399 1711 1400 1720 ¹

224 1845 298 1887 vers
317 1822 431 1896 dieitur
447 1821 533 1900 quasi
554 1841 652 1882 meros
670 1841 797 1884 vorans:
839 1831 870 1882 et
887 1821 954 1901 ipae
974 1809 1215 1884 fuit'eonsusus.
1253 1820 1329 1880 Tune

225 1921 308 1997 dixi,
347 1917 422 2000 quid
441 1919 632 2000 significetur
661 1939 720 2000 por
744 1939 856 1982 norom
878 1921 982 1982 Muses
1002 1920 1194 2002 allegorice?
1252 1918 1328 1978 'I'unc

225 2022 317 2084 etism
337 2017 510 2098 ignoravit:
550 2027 581 2077 et
601 2038 657 2099 ogo
687 2017 770 2093 dixi,
799 2018 881 2098 quod
908 2040 1022 2084 novem
1042 2021 1154 2080 Musae
1171 1999 1328 2098 ¹significant

165 2191 167 2202 Ι
223 2131 340 2202 septem
360 2118 470 2178 choros
492 2117 687 2197 Angelorum.
748 2117 854 2180 Tertio
874 2119 955 2178 dixi:
979 2119 1064 2180 unde
1082 2119 1198 2180 dicitur
1217 2116 1329 2175 Mercu·
1400 2115 1401 2136 l

222 2219 311 2281 rius?
351 2217 405 2277 sed
426 2216 547 2296 quondo
567 2236 631 2276 non
651 2215 756 2292 seivit,
792 2228 867 2278 tunc
887 2217 955 2278 dixi
976 2219 1025 2292 ei,
1063 2218 1148 2299 quod
1168 2210 1327 2276 Mercurius

223 2318 338 2381 dieitur
358 2315 445 2396 quasi
466 2325 670 2375 mercatorum
688 2316 809 2392 curius,
832 2316 905 2398 quis
926 2325 970 2376 est
989 2317 1075 2376 Deus
1092 2319 1289 2376 mercatorum
1302 2317 1327 2364 et

221 2418 314 2479 habet
341 2433 447 2475 eurem
466 2433 526 2492 pro
546 2413 599 2474 eis.
638 2415 686 2474 Ite
705 2415 833 2490 videtis,
867 2414 951 2496 quod
969 2414 1020 2476 isti
1039 2416 1153 2478 Poetae
1172 2431 1253 2472 nunc
1270 2416 1327 2468 stu·
1401 2411 1402 2422 ¹

221 2517 296 2578 dent
315 2525 434 2575 tautum
454 2512 489 2572 iu
510 2533 565 2573 sna
584 2523 650 2574 arte
668 2511 847 2584 literuliter,
881 2526 912 2573 et
939 2534 1003 2574 non
1024 2513 1203 2595 intelligunt
1222 2508 1327 2586 allego-

194 2667 198 2674 .
220 2615 283 2677 rias
302 2623 333 2673 et
354 2610 557 2693 expositiones
576 2611 770 2693 spirituales,
789 2614 863 2696 quie
880 2621 953 2674 snut
973 2611 1113 2673 homines
1133 2608 1284 2683 curulem
1302 2609 1328 2662 et

220 2726 256 2774 ut
275 2711 380 2773 scribit
397 2711 561 2791 Apostolus
574 2712 600 2770 Ι.
629 2712 769 2790 Corinth.
789 2731 818 2772 2.
868 2710 1045 2788 „Auituslis
1065 2711 1157 2772 homo
1176 2725 1238 2767 nou
1259 2721 1328 2785 por·

220 2812 296 2893 cipit
316 2830 367 2883 ea,
397 2829 474 2888 qnae
495 2819 566 2868 sunt
587 2810 721 2890 Spiritus
739 2812 832 2872 Dei.“
873 2811 934 2872 Sed
952 2811 1078 2891 possetis
1096 2811 1213 2870 dicore:
1248 2801 1327 2863 unde

219 2908 337 2970 hebetis
350 2907 439 2966 istam
458 2907 679 2974 subtilitatem?
718 2911 918 2989 Respondeo‚
945 2908 1028 2989 quod
1055 2929 1156 2991 nuper
1182 2896 1327 2984 acquisivi

203 3021 317 3070 'uuum
339 3007 469 3080 librum,
490 3027 581 3085 quem
601 3007 722 3088 scripsit
740 3009 865 3088 quidam
885 3007 1031 3088 Magister
1050 3019 1155 3070 noster
1175 3001 1324 3085 Anglicuo

218 3108 257 3169 de
278 3106 386 3168 ordine
406 3110 528 3180 nostro,
571 3113 602 3166 et
627 3105 719 3167 hebet
742 3129 856 3168 nomen
882 3099 1017 3170 Thomas
1047 3110 1086 3171 de
1112 3103 1260 3174 Walloiss
1298 3102 1325 3154 ⁰²

218 3206 402 3286 compositus
427 3213 472 3264 est
489 3205 544 3264 illo
563 3205 643 3266 libor
661 3227 754 3287 super
773 3209 888 3267 librum
910 3209 1193 3291 Metamorphoseos
1213 3193 1322 3266 Ovidii,

218 3324 374 3386 exponens
394 3322 498 3363 omnes
518 3303 638 3363 fabulas
657 3304 819 3384 allegorice
844 3315 874 3366 et
894 3307 1105 3387 spiritualiter.
1165 3307 1205 3366 Et
1225 3308 1268 3358 est
1284 3295 1323 3352 ila

215 3402 390 3488 profundus
407 3404 442 3462 iu
461 3402 649 3483 Theologia,
671 3405 754 3482 quod
775 3425 838 3465 uon
856 3406 989 3465 creditis.
1045 3406 1254 3468 certissimum
1273 3399 1321 3460 2⁸¹2

95 3522 99 3532 ’
215 3501 299 3584 quod
320 3499 453 3580 Spiritus
471 3509 591 3560 sanctus
610 3500 727 3563 infudit
746 3503 819 3562 huic
839 3502 908 3564 viro
928 3505 1022 3564 talem
1044 3502 1228 3571 doctrinam,
1256 3486 1321 3570 qnia

212 3599 320 3666 scribit
338 3599 384 3658 ibi
402 3598 631 3659 concordantias
661 3599 743 3662 iuter
763 3603 887 3662 Sacrum
910 3602 1118 3684 scripturam,
1152 3589 1320 3664 strebula

213 3698 370 3780 ¹Poetules,
404 3696 483 3756 sicut
499 3696 626 3777 potestis
644 3711 750 3758 notare
771 3720 810 3759 ex
831 3700 911 3775 istis,
937 3723 1015 3782 quue
1035 3702 1098 3782 jam
1117 3717 1238 3783 ponam.
1276 3687 1320 3748 De

213 3797 354 3880 Pythone
366 3804 521 3876 serpente,
543 3816 634 3874 quem
655 3797 811 3858 interfecit
830 3799 958 3879 Apollo,
977 3802 1081 3862 scribit
1102 3801 1211 3862 Psslm.
1224 3791 1319 3873 »ΠΨ

212 3917 250 3957 co
270 3897 346 3967 iste,
365 3914 457 3974 quem
478 3894 617 3954 formasti
635 3895 674 3956 sd
692 3895 886 3957 illudendum
907 3899 965 3958 ei.“
1004 3901 1045 3961 Et
1073 3901 1204 3962 iterum:
1243 3887 1319 3965 „Su-

210 4015 269 4078 per
288 3993 424 4077 aspidem
444 4005 475 4052 et
493 3993 666 4054 basiliscum
684 3997 882 4057 ambulabis.“
922 4000 971 4059 De
992 4001 1142 4075 Saturno,
1169 3991 1224 4080 qui
1244 4001 1318 4048 8³³¹·

210 4115 268 4176 per
292 4090 420 4174 ponitur
443 4089 536 4151 homo
567 4113 662 4154 senex
689 4104 720 4154 et
747 4108 833 4176 pater
856 4097 1017 4166 Deorum,
1058 4099 1219 4160 comedens
1244 4079 1317 4146 filf⁰⁵

210 4212 301 4265 suos,
321 4188 465 4270 scribitur
484 4190 522 4249 ab
542 4192 725 4254 Exechiele:
746 4193 937 4269 „comedent
955 4209 1056 4278 patres
1075 4198 1154 4257 filios
1172 4195 1207 4254 in
1223 4177 1317 4248 medio
