2846 4716
230 365 288 430 ur
307 353 447 430 emm
470 346 835 425 oomsmsronu
855 355 1004 431 cuorus
1022 311 1065 423 x.
1147 355 1212 427 sor

79 522 214 602 stitutio,
249 521 287 585 de
317 537 395 604 quo,
423 541 463 582 ne
483 519 574 582 nudis
594 517 697 582 verbis
718 517 859 582 incedere
879 519 999 598 videar,
1022 515 1134 580 ditum
1154 537 1211 578 au-

80 627 196 686 diemus
219 627 456 704 Hieronymum.
507 619 593 682 Idem
621 633 666 680 est
695 641 782 703 ergo,
819 621 934 702 inquit,
971 615 1128 702 presbyter
1158 619 1211 700 qui

78 727 259 809 Episcopus.
302 723 343 784 Et
364 737 538 804 antequem,
559 717 683 781 Diaboli
702 721 863 799 instinctu,
892 721 990 783 studia
1009 722 1042 781 in
1063 717 1211 804 religione

79 829 202 903 fierent,
236 837 267 884 et
293 821 442 884 diceretur
468 825 501 884 in
522 819 662 906 populist
691 841 748 906 ego
769 841 837 883 sum
857 823 978 900 Pauli,
1008 843 1065 906 ego
1085 823 1212 903 Apollo,

83 949 137 1010 ego
157 926 295 1005 cephae,
326 925 479 986 commtmi
506 924 747 1006 presbyterorum
778 921 905 996 oonsilio
935 921 1078 984 ecelesiae
1098 924 1212 1006 guber·¹

81 1029 237 1090 nubantur.
278 1025 438 1107 Postquam
466 1046 542 1087 vero
571 1024 777 1104 unusquisque
805 1045 874 1101 eos,
900 1045 975 1106 quos
1004 1025 1212 1106 baptisaverat,

82 1149 150 1190 suos
186 1129 313 1210 putabat
343 1147 428 1204 esse,
462 1147 524 1186 non
553 1126 690 1203 Christi,
722 1127 755 1186 in
782 1137 847 1186 toto
875 1126 948 1186 orbe
976 1123 1131 1186 decretum
1157 1133 1212 1204 est,
1261 1161 1264 1168 -

83 1249 158 1290 uuus
177 1226 236 1292 ,de
271 1227 450 1312 presbyteris
485 1224 597 1288 electus
632 1238 850 1309 supponeretur
885 1225 1028 1303 metetis,
1056 1225 1094 1286 ad
1123 1242 1215 1305 quem

85 1329 179 1392 omnis
210 1349 282 1388 cura
311 1324 455 1388 ecclesiae
475 1328 652 1409 pertineret,
682 1339 713 1386 et
732 1327 925 1387 schismatum
947 1327 1061 1386 semine
1079 1325 1215 1388 tolereu-
1305 1365 1311 1373 -

84 1443 138 1491 tur.
178 1429 214 1490 Si
232 1429 438 1498 auctoritatem
460 1425 610 1508 quaeritis,
631 1427 784 1488 audiamus
804 1423 946 1508 Apostoli
967 1429 1072 1490 Pone·
1086 1427 1124 1488 ad
1138 1427 1215 1489 Phi·

84 1527 239 1612 lippenses
276 1529 368 1589 verba
401 1528 547 1590 dicentiss
586 1531 715 1591 Paulus
744 1540 774 1588 et
804 1527 997 1599 rtnwtheoo,
1034 1529 1115 1590 serti
1141 1533 1216 1592 Iesu

57 1669 59 1676 ,
87 1632 223 1706 Christi,
255 1631 396 1692 omnibus
426 1630 536 1690 sanctis
563 1629 597 1688 in
617 1629 744 1691 Christo
770 1631 860 1705 Iesu,
891 1626 944 1707 qui
974 1641 1045 1688 sunt
1064 1627 1216 1712 Philippis

88 1751 153 1790 oum
166 1730 331 1812 Episcopis
341 1744 370 1791 et
385 1731 541 1807 Diaconis,
564 1729 656 1812 gratia
675 1729 766 1791 vobis
785 1741 814 1788 et
834 1749 896 1811 pax
907 1742 963 1789 etc.
992 1728 1142 1814 Philippis
1157 1753 1218 1794 une

87 1830 188 1890 civitas
211 1845 258 1891 est
276 1831 490 1908 Macedoniae,
516 1844 547 1892 et
569 1841 649 1890 certe
670 1829 704 1888 in
727 1851 788 1889 una
803 1830 924 1889 civitate
939 1851 1002 1891 non
1017 1829 1119 1914 plures
1134 1843 1217 1894 erant

87 1931 243 2013 Episcopi.
283 1931 399 1992 Rursus
419 1933 452 1992 in
466 1931 539 1992 sotis
552 1927 768 2012 Apostolorum
790 1931 1009 2012 scriptumest,
1032 1934 1126 2014 quod,
1149 1955 1219 1996 cum

32 2095 34 2111 Ι
91 2033 222 2093 venisset
260 2031 432 2114 Apostolus
460 2029 625 2108 Miletum,
656 2031 770 2092 miserit
802 2029 958 2113 Ephesum
1002 2045 1032 2095 et
1063 2036 1220 2100 vocaverit

89 2133 255 2216 Episcopos
277 2131 421 2193 ecclesiae
442 2133 592 2211 ejusdem,
616 2134 726 2214 quibus
745 2145 849 2215 postea
869 2132 948 2193 inter
969 2149 1083 2196 caetera
1103 2137 1147 2196 sic
1167 2135 1221 2198 lo·

91 2248 187 2296 eunus
224 2233 380 2296 Attendite
415 2236 506 2296 vobis
545 2247 575 2296 et
606 2233 690 2296 omni
727 2233 829 2317 gregi,
863 2233 896 2294 in
925 2255 986 2314 quo
1013 2254 1070 2297 voe
1096 2238 1219 2318 spiritus
1318 2249 1324 2262 '

91 2349 202 2398 sanctus
231 2324 352 2418 posuit,
388 2335 556 2417 Episcopus
577 2357 699 2419 pascere
722 2333 879 2396 ecclesiam
901 2335 1033 2412 domiui,
1055 2357 1145 2418 quam
1166 2361 1241 2400 ac-.

93 2437 213 2515 quisivit
233 2458 291 2519 per
311 2436 488 2520 sanguinem
511 2456 609 2498 suum.
639 2439 680 2497 Et
695 2435 744 2496 hic
761 2434 935 2519 diligentius
949 2437 1116 2516 observate,
1138 2459 1219 2520 quo-

92 2537 177 2599 modo
195 2540 288 2599 unius
309 2537 437 2598 civitatis
458 2536 575 2626 Ephesi
596 2539 788 2619 presbyteros
808 2558 939 2614 vocans,
968 2552 1075 2620 postea
1096 2542 1220 2604 eosdem

92 2639 257 2722 Episcopos
286 2638 407 2700 dixerit.
448 2642 568 2701 Petrus
596 2659 734 2720 quoque,
763 2639 816 2720 qui
844 2657 883 2699 ex
908 2639 1046 2700 firmitate
1066 2639 1139 2702 fidei
1161 2665 1222 2706 no·

94 2757 158 2800 men
178 2741 312 2822 accepit,
331 2740 365 2799 in
387 2736 513 2822 epistola
533 2715 587 2799 suo
606 2738 757 2821 loquitur,
780 2741 900 2800 dicens:
932 2739 1128 2822 Presbyteros
1149 2767 1221 2831 ergo
1261 2823 1262 2828 η

94 2839 124 2900 in
142 2843 232 2903 vobis
256 2842 381 2904 obsecro
403 2840 642 2920 combresbyter,
664 2855 694 2902 et
713 2842 798 2903 testis
819 2839 931 2903 Christi
950 2844 1144 2926 passionum,
1168 2849 1221 2928 qui

98 2942 206 3019 eteius
227 2941 358 3026 gloriae,
388 2963 464 3022 quae
483 2941 518 3000 in
531 2983 533 2988 -
545 2939 647 3003 futuro
666 2941 829 3004 revelanda
849 2958 909 3021 est,
943 2945 1045 3006 socius
1067 2967 1144 3025 sum,
1165 2945 1226 3031 pa-

97 3042 163 3102 scite
184 3065 273 3122 eum,
296 3043 355 3124 ‘qui
385 3042 419 3102 in
443 3041 534 3103 robis
561 3055 622 3121 est,
648 3065 769 3129 gregem
798 3044 932 3122 domini,
963 3067 1026 3108 non
1050 3051 1136 3129 quasi
1155 3073 1224 3115 oum

98 3144 287 3222 necessitate,
323 3144 378 3204 sed
405 3141 586 3205 voluntarie.
644 3145 736 3223 Quod
765 3165 840 3208 vero
869 3147 903 3207 in
933 3145 1060 3232 singulis
1089 3150 1224 3214 ecclesiis

99 3241 350 3325 superintendens
372 3231 483 3306 electus
507 3258 568 3323 est,
588 3242 649 3306 hoc
670 3248 752 3308 enim
772 3246 946 3312 ἐπισκοπεῖν
964 3270 1036 3330 pree
1055 3271 1089 3311 se
1110 3251 1185 3331 fert,
1207 3275 1226 3314 s

101 3361 156 3422 quo
177 3343 341 3422 ἐπίσκοπος
359 3360 486 3408 tractum
504 3360 564 3422 est,
584 3357 620 3406 ut
641 3367 731 3429 supra
751 3348 900 3425 diximus,
928 3349 962 3408 in
983 3347 1153 3413 schismatis
1172 3339 1246 3414 re·-¹

100 3443 228 3509 medium
259 3435 305 3509 est
330 3448 461 3526 iactum,
497 3467 537 3508 ne
566 3449 806 3528 unusquisquam
835 3449 873 3510 ad
902 3469 936 3509 se
962 3449 1083 3511 trahens
1113 3452 1226 3516 Christi

103 3542 253 3608 eeclesiam
271 3562 433 3631 rumperet.
475 3547 553 3612 Nam
577 3559 608 3608 et
626 3545 829 3609 Alexandriae
853 3570 870 3609 a
890 3553 1020 3628 Marco,
1051 3553 1225 3617 verbislo-

75 3670 77 3674 ¹
103 3644 215 3722 quimus
246 3648 313 3710 divi
340 3649 544 3731 Hieronymi,
581 3646 776 3733 Evangelists
802 3671 899 3731 usque
928 3648 968 3711 erl
996 3655 1171 3717 Heracleus
1197 3671 1228 3720 et

105 3745 288 3830 Dionysium
309 3751 495 3832 Episcopos,
522 3749 691 3831 presbyteri
712 3771 831 3833 semper
851 3771 947 3812 unum
969 3771 1008 3813 ex
1030 3772 1064 3813 se
1086 3754 1227 3836 electum,

105 3841 134 3903 in
160 3849 318 3912 excelsiori
348 3851 443 3934 gradu
469 3848 662 3936 collocatum,
691 3851 878 3934 Episcopum
899 3853 1114 3934 nominabant,
1147 3879 1228 3938 quo-

106 3945 235 4013 nodosi
256 3953 406 4014 exercitus
427 3953 639 4034 imperatorem
659 3952 763 4015 fecisti
803 3950 887 4032 Quid
907 3954 988 4015 enim
1002 3954 1082 4033 facit,
1104 3974 1229 4042 excepta

110 4045 303 4130 ordinatione,
324 4053 511 4135 Episcopus,
541 4053 624 4134 quod
645 4051 800 4137 presbyter
816 4075 879 4118 non
900 4051 1011 4118 faeiat?
1052 4057 1118 4121 Nec
1141 4059 1232 4124 alters

108 4139 249 4214 Romsnse
271 4143 408 4214 ecclesis
422 4155 524 4232 urbis,
553 4153 643 4215 alters
664 4157 756 4220 totius
779 4159 860 4220 orbis
880 4155 1078 4219 existimanda
1100 4174 1153 4223 eet.
1175 4165 1231 4226 'Et

106 4241 234 4331 Gellius,
255 4269 305 4316 ·et
330 4254 524 4332 Germanias,
560 4269 591 4316 et
618 4257 806 4338 Britanniae,
842 4273 874 4321 et
900 4257 1037 4338 Africae,
1066 4273 1096 4324 et
1125 4263 1231 4326 omnes

111 4341 240 4416 barbares
260 4357 399 4421 nsdonee
417 4375 515 4419 unum
535 4354 687 4428 Christum
708 4357 848 4438 odorant,
877 4370 909 4424 et
928 4375 1020 4424 unam
1038 4377 1160 4426 servant
1179 4388 1230 4428 re-
1259 4367 1266 4445 j
