2866 4724
387 288 920 370 crescunnrnon.
1018 383 1020 396 Ι
1152 281 1215 364 nce

176 455 310 530 Pontum
327 469 365 508 ne
382 460 525 518 noceant,
547 447 726 510 venduntur
740 467 838 530 regno
852 448 963 523 labore,

255 551 382 612 Annuit
398 562 428 609 et
438 535 571 618 studiis,
588 551 749 627 principia
761 569 824 609 ecce
841 548 971 610 ‹lemuru-

171 649 266 710 Felix
284 651 339 728 qui
351 652 465 709 caruit
481 661 562 711 certo
584 651 721 728 vestigia
732 669 833 727 paean

256 750 354 834 Clara*
368 745 543 826 repercusso
559 771 659 811 curva
678 762 802 808 senecta
815 748 902 826 pede.

175 849 267 928 Quod
279 863 372 926 cuper
384 853 428 908 oct
436 869 551 925 porro,
569 850 691 928 regales
710 847 822 914 addere
839 852 945 934 mujua

255 951 403 1009 Divitior
411 969 559 1026 porcum,
579 969 751 1026 comprecor
764 969 900 1026 comper:
920 947 1027 1010 Amen.
1046 994 1048 1000 .

91 1128 252 1188 Arnolduc
272 1132 453 1201 Seleuceam,
476 1133 589 1192 Fictor
608 1134 764 1206 minorum
779 1134 924 1212 gentium
937 1151 997 1209 per
1022 1127 1213 1199 decennium

93 1231 339 1299 tontnnocaluc,
360 1253 455 1310 qnam
468 1245 596 1309 portare
608 1244 711 1309 potent
729 1233 942 1310 Camcluo'aut
955 1229 1109 1314 Elephas,
1127 1242 1216 1307 optat

130 1339 160 1386 ct
175 1341 263 1388 vovet
275 1331 409 1388 Domino
424 1331 661 1390 Barttotonuoeo
678 1331 808 1409 heder,
837 1332 995 1410 ingenioso
1011 1341 1040 1390 et
1049 1331 1172 1408 perepi-

288 1431 355 1486 caci
365 1433 525 1510 Mngictro
543 1434 577 1489 in
593 1443 660 1493 arte
670 1431 793 1510 legendi
808 1443 837 1490 et
852 1421 1014 1490 scribendi.

171 1543 244 1604 Non
264 1544 332 1602 sinc
352 1546 488 1604 maximo
519 1546 674 1610 animulae
700 1566 787 1606 mene
813 1544 952 1627 tripudio
980 1555 1011 1606 et
1037 1535 1216 1616 cultu,'uti

90 1643 236 1723 scripturn
257 1652 316 1716 eet,
347 1646 474 1706 saltabat
492 1645 599 1706 insane·
617 1645 651 1704 in
671 1658 760 1708 utero
781 1644 846 1725 ejus
853 1687 862 1719 ,
881 1644 948 1706 vidi
968 1664 1087 1724 nupero
1108 1643 1158 1704 die
1179 1644 1214 1704 in

90 1743 164 1800 cista
200 1743 350 1802 librorum
383 1743 506 1804 doctum
544 1754 681 1804 vestrum
709 1745 839 1818 librum,
881 1763 972 1823 quem
991 1743 1149 1825 placuistis
1178 1741 1214 1804 in

89 1835 240 1902 mundum
275 1842 412 1915 mittere,
453 1863 493 1902 ne
520 1843 624 1909 essetis
647 1863 756 1904 cervus
785 1863 917 1922 nequam
937 1851 991 1922 aut
1009 1862 1213 1923 nequaquam,

89 1940 143 2020 qui
168 1940 279 2000 libram
306 1961 393 2000 cuam
421 1941 455 2000 in
482 1953 564 2001 terra
593 1942 747 2014 fodiebat,
782 1951 813 2004 et
840 1941 982 2018 timuistis
1008 1941 1146 2015 merito,
1173 1961 1214 2002 ne

89 2060 184 2119 porro
207 2039 390 2100 ascelinam
412 2059 542 2120 nequam
554 2082 563 2112 ,
592 2041 646 2120 qui
668 2040 864 2100 declinabilia
884 2048 972 2118 eunt,
1009 2048 1040 2099 et
1059 2038 1215 2101 declinent

89 2159 212 2198 omnem
235 2139 362 2210 libram,
402 2147 432 2197 et
454 2139 565 2198 nolunt
583 2139 702 2218 aliquid
722 2140 877 2214 scribere,
910 2159 966 2200 vos
986 2138 1062 2199 vero
1082 2138 1215 2199 indecli-

89 2238 206 2297 nabilia
233 2239 303 2297 ectio
336 2249 404 2316 post
431 2239 585 2317 regulam:
626 2248 657 2299 et
680 2249 812 2317 utroque
832 2257 962 2298 numero
982 2236 1214 2298 indeclinabilia

87 2347 161 2396 sunt
180 2357 332 2414 nequam,
362 2336 470 2410 nauci,
497 2337 606 2411 nihili,
638 2337 788 2416 mancipi,
817 2348 849 2396 et
870 2333 982 2396 caeteri
1002 2334 1095 2415 hujus
1112 2335 1212 2397 cortic

88 2428 129 2494 Et
149 2436 223 2494 uolo
244 2436 363 2514 jurare,
391 2445 474 2496 certe
494 2436 573 2496 liber
594 2445 696 2497 venter
722 2446 784 2495 tam
807 2436 885 2505 bene
912 2433 992 2510 milri¹
1009 2434 1140 2514 placuit,
1176 2443 1214 2495 ut

87 2554 152 2594 uon
173 2521 298 2614 possum
319 2535 431 2595 dicere.
472 2536 576 2594 Bonus
595 2534 786 2594 methodiouc
807 2533 893 2608 eatis,
923 2543 954 2594 et
973 2532 1139 2594 scientifica
1152 2519 1213 2594 eci·

87 2635 127 2694 tis
146 2655 296 2714 cyrupum
318 2655 357 2694 ex
377 2634 486 2708 melle,
532 2642 562 2692 et
583 2631 744 2693 caclrerum
765 2653 805 2694 ex
824 2651 975 2713 cyrupo,'
998 2631 1058 2692 hoc
1078 2643 1124 2690 eat
1134 2673 1144 2706 ,
1164 2633 1213 2692 'ut

86 2753 150 2793 uon
170 2733 264 2793 nimir
284 2735 345 2794 alte
366 2753 436 2793 cum
456 2725 543 2793 vobio
563 2731 689 2810 loquar,
719 2751 798 2814 quae
818 2731 924 2792 forsan
944 2751 1009 2806 non
1029 2728 1211 2812 intelligitur,
1299 2778 1301 2787 .

87 2834 166 2893 bene
186 2833 313 2912 potentio
341 2831 503 2892 extrahere
530 2831 644 2890 bonum
674 2850 714 2890 ex
742 2832 846 2904 malo,
886 2841 918 2892 ct
943 2831 1038 2890 bonae
1058 2829 1212 2889 doctrinae

86 2933 160 2992 dare
182 2951 223 2990 ex
244 2951 300 3005 eo,
320 2931 403 3010 quod
424 2940 513 2998 antea
534 2923 690 2988 didicistis.
750 2933 791 2992 Et
810 2929 917 3003 credo,
938 2928 1021 3010 quod
1039 2941 1096 2990 voc
1115 2928 1212 2989 lrabe-

86 3033 126 3090 tis
147 3050 295 3090 arcanum
318 3031 407 3089 illum
428 3030 555 3090 modum
578 3029 830 3102 Glanberiauum,
850 3027 980 3109 parandi
994 3028 1139 3090 Exti-acta
1153 3047 1212 3109 per
1313 3073 1315 3078 ,

85 3130 241 3208 liquorem
257 3129 512 3202 Alkalreotinum,
533 3129 587 3207 qui
614 3128 698 3188 nihil
726 3139 771 3188 eut
789 3128 891 3199 aliud,
912 3147 1003 3208 quam
1025 3129 1078 3188 Sal
1097 3147 1212 3208 purga-

85 3238 170 3298 tum,
193 3220 321 3288 fix'atum
332 3269 341 3301 ,
363 3238 394 3287 et
412 3249 470 3308 per
490 3227 661 3306 deliquium
680 3228 825 3288 solutum.
884 3228 960 3287 Pluu
976 3227 1065 3307 ,enim
1085 3225 1211 3306 potentia

88 3325 269 3398 extrahere,
290 3347 383 3410 *quam
404 3337 594 3388 menstruum
613 3347 711 3406 aquae
731 3327 928 3408 pluviarum,
946 3325 1020 3384 licet
1040 3335 1084 3384 eet
1104 3324 1212 3385 destil-

85 3427 147 3484 lata
169 3434 201 3484 et
220 3425 393 3486 rectificare.
454 3426 586 3504 Quando
613 3427 696 3486 enim
725 3426 854 3487 unicum
881 3433 999 3484 tentum
1025 3422 1156 3484 'verbum
1175 3423 1211 3483 in

85 3533 219 3583 vestram
232 3535 433 3586 mercaturam
448 3526 553 3600 ceruit,
573 3525 698 3607 potestis
719 3525 771 3586 vel
791 3535 853 3586 tres
871 3522 923 3585 vel
942 3530 1073 3601 quatuor
1093 3521 1210 3582 doctri·

86 3636 149 3682 nnc·
161 3621 276 3682 exinde
295 3622 414 3699 facere,
439 3645 518 3706 quac
537 3645 595 3685 nec
614 3626 754 3686 diabolus
773 3625 839 3705 ipae
861 3621 1033 3702 cogitasset,
1047 3629 1093 3678 et
1113 3618 1210 3679 mira-

84 3720 136 3793 vi,
163 3722 319 3800 quomodo
338 3723 473 3785 habeatis
493 3735 555 3785 tam
575 3725 691 3785 bonum
712 3741 931 3794 mormoream,
963 3728 1000 3779 ut
1025 3716 1130 3777 omnia
1148 3737 1209 3798 po-

85 3819 170 3879 testis
192 3829 255 3880 tam
277 3822 387 3881 ordine
406 3824 678 3903 ponere„rneliuo
698 3844 790 3904 quam
810 3821 923 3882 ancilla
943 3818 1019 3878 ollae
1040 3826 1071 3878 et
1089 3815 1210 3898 patinea

85 3928 116 3977 et
136 3917 197 3978 alia
217 3921 419 4000 conquinarie
436 3921 543 3983 fictilia
561 3932 662 4003 potest
681 3923 832 3983 ordinare.
878 3917 942 3979 Sed
960 3935 1025 3977 non
1043 3915 1115 3976 satie
1134 3934 1233 3997 poc-s

11 4089 12 4092 Ἴ
85 4037 155 4076 curn
176 4017 291 4078 mirare
312 4041 406 4101 cuper
425 4041 496 4096 voe,
536 4022 620 4101 quod
638 4032 707 4102 ¹tam
726 4021 837 4082 ctultuc
855 4017 923 4079 citio
949 4028 981 4076 et
1006 4035 1062 4077 voc
1095 4015 1210 4078 timetis

85 4136 144 4194 pro
167 4117 306 4193 canibus,
343 4118 407 4198 qui
420 4140 492 4199 erge
510 4142 567 4183 voc
585 4121 695 4182 volunt
712 4121 842 4193 latrare,
877 4138 948 4178 cum
968 4125 1071 4177 nmen
1090 4114 1210 4178 hebetia

83 4214 203 4278 bonum
232 4218 393 4293 baculum,
435 4240 496 4300 quo
523 4240 579 4284 voc
607 4241 679 4306 erga
704 4239 810 4282 omnen
839 4239 910 4280 cum
929 4215 1063 4280 invicem
1083 4215 1210 4296 poteolis
