2896 4716
360 309 677 418 ssonscun.
720 343 944 411 vlnou.
1177 345 1237 428 193

7 491 9 498 ,
107 493 380 576 tribulationibus}
409 519 487 580 quae
507 508 578 561 eunt
597 497 630 560 in
651 505 715 562 tote
729 499 799 562 vine
831 519 889 560 neo
908 503 971 560 uo'n'
992 499 1027 560 in
1049 502 1130 562 mele
1145 505 1237 565 Sern-⁴

107 599 206 688 perio.
247 597 311 662 Sed
321 619 408 660 nune
422 599 456 660 in
471 598 566 660 Corio
585 618 650 658 non
670 597 812 659 intellexi
831 597 934 677 eliqua
954 601 1133 674 nove‚¹niei
1153 605 1234 683 quod

108 698 177 764 ridi
196 701 369 762 biennum
389 697 505 757 animal
523 698 602 758 bene
621 699 665 757 ita
684 717 847 778 magnum,
889 696 969 756 sieut
995 707 1127 778 quatuor
1153 703 1234 782 equi,

111 812 145 862 et
163 800 256 860 babet
275 808 409 860 rostrum
432 795 476 856 ite
498 796 640 877 longum,
659 795 737 857 sicut
758 815 833 875 ego:
861 805 892 856 et
911 807 956 856 eet
977 798 1127 858 mirabilia
1148 819 1235 860 erea—
1299 839 1304 850 ·

109 910 188 960 ture.
251 896 386 976 Quando
407 894 487 969 vidi,
531 903 606 954 tunc
633 893 714 954 dixi:
747 893 901 954 Mirabilie
933 895 1015 954 Deus
1035 895 1070 955 in
1092 899 1234 977 operibus

110 995 183 1058 onie.
224 989 290 1075 Ego'
309 995 425 1058 vellem
447 993 520 1054 dere
539 1011 638 1055 unum
658 993 829 1067 florenum,
851 993 935 1072 quod
955 993 1063 1054 videre
1085 996 1235 1060 deberetis

110 1095 199 1156 illem
217 1097 362 1156 bestiam:
383 1093 438 1152 ned
459 1092 551 1153 eredo
570 1113 627 1173 per
647 1093 769 1166 Deum,
796 1091 879 1171 quod
900 1091 972 1152 eetie
991 1092 1071 1152 bene
1090 1096 1235 1174 expedivi

110 1213 162 1254 me
182 1194 353 1254 scribendo.
392 1195 457 1254 Voe
478 1193 620 1252 similiter
641 1191 769 1262 faciatis,
788 1191 863 1249 eliae
882 1209 1040 1269 nunquam
1062 1192 1147 1252 vobis
1159 1195 1237 1254 eori-

111 1293 191 1354 bem.
230 1293 271 1353 Et
289 1291 390 1353 valete
411 1290 534 1352 ueniter.
574 1291 689 1350 Datum
711 1290 822 1370 raptim
842 1288 1001 1353 Romanae
1020 1289 1142 1350 Curiae.
1231 1309 1234 1316 ·

134 1457 267 1520 nonam
279 1455 447 1532 morbiue,
476 1454 641 1514 burdliter
659 1428 839 1532 Theologiae
853 1454 994 1524 Dootor,
1015 1457 1063 1515 M.
1082 1455 1215 1518 Ortuino

618 1552 737 1612 Gratia.

108 1703 114 1708 ’
197 1690 281 1769 Quia
300 1690 445 1771 seriptum
470 1697 531 1748 eet:
552 1685 677 1746 vexatio
700 1685 752 1745 det
772 1685 980 1763 intellectum3
1003 1707 1075 1769 ergo
1096 1691 1236 1751 nonde-

106 1787 196 1849 betis
218 1787 297 1848 mihi
315 1786 427 1849 bebere
446 1806 504 1866 pro
517 1785 614 1862 melo,
643 1784 725 1864 quod
745 1784 901 1844 modicum
921 1795 1012 1846 teneo
1030 1788 1117 1848 vobio
1138 1809 1237 1870 oppo-
1300 1837 1306 1854 ,
1406 1787 1411 1794 “

110 1888 227 1960 eitum,
266 1907 332 1946 eum
353 1905 408 1965 ego
429 1885 511 1944 facio
531 1885 566 1944 in
585 1884 697 1944 bonam
719 1893 845 1963 partem.
910 1885 974 1946 vor
993 1903 1095 1966 nuper
1113 1889 1239 1968 eeripei-

77 2019 79 2026 >
109 1985 166 2044 etio
186 1986 221 2044 in
236 2005 299 2045 nno
320 1984 485 2046 dictamine
511 1983 549 2042 de
568 2001 632 2042 uno
652 1983 799 2060 Magistro
820 1991 942 2057 norbo,
980 1985 1063 2064 quod
1082 1995 1127 2046 eet
1145 1989 1236 2047 vaide

110 2083 234 2152 doctus,
264 2093 295 2144 et
316 2096 368 2155 est*
380 2081 552 2164 profundus
575 2081 704 2140 Scotieta·
715 2122 724 2153 ,
762 2089 792 2140 et
813 2091 858 2140 eet
876 2081 968 2142 valde
982 2085 1121 2144 oureivue
1142 2085 1176 2145 in
1195 2088 1236 2145 li-

110 2182 174 2243 bris
196 2183 434 2272 sententiarum,
463 2181 554 2241 etiam
575 2181 631 2240 ecit
651 2187 843 2240 mentetenue
864 2189 963 2238 totum
983 2179 1098 2242 librum
1116 2184 1236 2243 Docto*

109 2280 154 2342 rie
174 2275 271 2340 sancti
293 2282 331 2340 de
351 2281 431 2342 Ente
452 2290 481 2339 ct
501 2279 655 2350 Eeeentie,
684 2289 714 2335 et
735 2273 927 2335 Fortalitium
948 2275 1021 2336 fidei
1043 2289 1087 2338 eet
1109 2280 1138 2340 ei
1157 2282 1236 2342 sicut

108 2381 203 2442 Peter
220 2390 340 2449 noster,
363 2390 393 2438 et
413 2399 469 2459 per
489 2390 584 2438 artem
607 2375 839 2435 memoratirarn
862 2375 1017 2455 impressit
1036 2377 1095 2436 sibi
1116 2379 1235 2438 forma-

108 2479 211 2538 litaten
227 2479 332 2552 scoti,
354 2477 431 2537 sieut
451 2495 568 2549 ceram,
604 2485 635 2534 et
654 2473 764 2534 ultimo
784 2471 939 2547 scribitis,
967 2476 1050 2553 qnod
1071 2487 1115 2536 eet
1137 2499 1235 2545 mem-

107 2579 207 2638 brum
228 2577 334 2636 decem
353 2571 608 2637 Univereiteturn.
668 2572 802 2634 Percetis
822 2571 917 2645 mihi,
956 2593 1013 2633 voe
1034 2575 1103 2634 estis
1124 2576 1234 2637 incon-

108 2697 225 2758 gruus,
264 2675 337 2756 quie
355 2695 451 2736 unum
479 2673 651 2734 membrum
677 2693 740 2731 non
764 2680 863 2752 potent
881 2670 995 2730 habere
1013 2673 1104 2752 plura
1124 2693 1235 2754 corpo-

108 2797 144 2836 ra
156 2773 242 2848 :fred
263 2795 321 2854 per
340 2773 544 2846 eontrarium,
573 2790 671 2833 unum
693 2791 803 2851 corpus
822 2771 901 2830 bene
919 2769 1011 2830 babet
1025 2773 1116 2852 plura
1135 2794 1234 2835 mem-

109 2877 186 2950 bre,
208 2877 280 2954 quin
300 2895 411 2954 corpur
432 2871 603 2948 humanum
623 2871 715 2930 hebet
734 2869 851 2949 Caput,
872 2869 965 2949 pedes
971 2912 980 2944 ,
1010 2891 1117 2931 manus
1128 2915 1137 2946 ,
1162 2875 1234 2934 bra-

111 2974 197 3047 ebia,
225 2983 385 3046 ventrem,
417 2971 575 3053 priapum,
609 2971 659 3031 vel
680 2970 823 3042 vulvam,
861 2969 953 3031 sient
973 2969 1102 3046 mulier,
1137 2983 1168 3033 et
1189 2985 1234 3035 eet

110 3075 284 3138 membrum
304 3070 459 3132 bominis:
498 3080 528 3129 et
547 3080 638 3149 capnt
663 3079 708 3129 eet
730 3069 899 3128 membrum
920 3067 1055 3129 bominis
1075 3083 1133 3130 eto.
1193 3075 1234 3138 Et

110 3185 211 3236 totum
232 3169 495 3254 eorpue‘hominie
515 3167 606 3254 babet
626 3168 682 3228 eub
703 3189 735 3227 ee
754 3166 809 3228 illa·
828 3169 980 3245 membro;
1011 3180 1041 3229 et
1061 3169 1115 3228 ille
1135 3191 1234 3232 mem-

111 3273 170 3336 bra
189 3274 317 3332 subeunt
336 3269 412 3330 huie
431 3267 571 3348 corpori,
598 3267 677 3325 sicut
704 3268 819 3346 speeies
843 3286 899 3328 euo
919 3267 1036 3348 generi.
1078 3268 1140 3326 Sed
1160 3269 1234 3328 nul-

110 3363 180 3434 lum
206 3371 335 3432 istorum
358 3369 566 3429 membrorum
587 3365 678 3424 hebet
696 3366 753 3424 eub
779 3385 811 3424 ee
842 3367 934 3446 plura
966 3382 1113 3442 eorpore3
1145 3377 1179 3426 et
1206 3367 1233 3426 ei
1344 3376 1347 3380 ’

110 3470 215 3534 velitis
236 3471 349 3544 dicere,
370 3467 453 3547 quod
471 3465 540 3526 talis
558 3464 705 3544 Magister
723 3477 827 3525 noster
846 3473 892 3524 eet
911 3453 1022 3542 corpor
1036 3463 1141 3522 decem
1152 3464 1234 3525 Uni-

111 3569 312 3643 vertitetum,
346 3569 460 3628 iterum
489 3584 546 3645 ego
575 3565 688 3627 vellem
713 3562 940 3645 reprehendere
961 3579 1025 3622 roe.
1083 3561 1167 3638 Quia
1187 3563 1233 3646 ibi

110 3677 235 3750 putaret
254 3669 380 3748 aliquio,
415 3663 500 3746 quod
521 3663 626 3724 decem
645 3663 865 3726 Universitetee
879 3672 977 3720 essent
996 3661 1133 3720 membre
1147 3661 1233 3743 illiue

109 3766 270 3845 Megietn‘,
291 3775 321 3830 et
341 3765 424 3847 qnod
443 3764 509 3845 ipre
531 3769 682 3826 constaret
694 3780 734 3823 ex
746 3763 848 3822 decem
866 3758 1138 3832 Univereitetibue,
1170 3779 1232 3840 quo

110 3866 210 3946 poeito
239 3865 337 3927 inerit
363 3861 539 3925 scandalum
566 3861 632 3966 'fflie
658 3862 762 3922 decent
785 3857 1059 3930 Univereitetibue,
1098 3867 1129 3916 et
1148 3857 1234 3938 ipsae

109 3965 350 4025 minorarentur
367 3965 498 4037 exinde,
518 3989 521 4001 ·
539 3976 608 4022 oum
637 3958 837 4022 unue·homo
862 3955 947 4036 (quie
979 3955 1071 4016 etium
1092 3956 1241 4036 Magistri-

109 4065 227 4139 nostri‚
260 4064 342 4126 sicut
366 4062 466 4138 sciris,
499 4070 570 4122 eunt
593 4051 750 4138 hominen)
777 4059 930 4120 diceretur
958 4063 1022 4114 esee
1045 4055 1167 4136 dignior
1186 4065 1232 4146 tot

108 4163 389 4225 Univereitetibuet
412 4161 495 4244 quod
515 4169 561 4221 eet
580 4175 665 4220 earne
685 4156 888 4241 impossibilia.
949 4154 1032 4232 Quia
1044 4155 1135 4215 etiem
1147 4155 1233 4214 Doe-

107 4272 160 4324 tor
179 4255 302 4326 eenmue
322 4283 386 4324 non
405 4272 451 4323 eet
469 4263 539 4344 plue
560 4277 651 4342 quem
672 4257 778 4320 decem
798 4253 1026 4319 Univereitetee.
1053 4253 1232 4333 'Quomodo'

988 4351 1028 4416 13
