<?xml version="1.0" encoding="UTF-8"?>
<!DOCTYPE html PUBLIC "-//W3C//DTD XHTML 1.0 Transitional//EN"
    "http://www.w3.org/TR/xhtml1/DTD/xhtml1-transitional.dtd">
<html xmlns="http://www.w3.org/1999/xhtml" xml:lang="en" lang="en">
 <head>
  <title>
</title>
<meta http-equiv="Content-Type" content="text/html;charset=utf-8" />
  <meta name='ocr-system' content='tesseract 3.04.00' />
  <meta name='ocr-capabilities' content='ocr_page ocr_carea ocr_par ocr_line ocrx_word'/>
</head>
<body>
  <div class='ocr_page' id='page_1' title='image "./ulrichiabhutten04mngoog_0169.png"; bbox 0 0 2872 4722; ppageno 0'>
   <div class='ocr_carea' id='block_1_1' title="bbox 386 320 1216 434">
    <p class='ocr_par' dir='ltr' id='par_1_1' title="bbox 386 320 1216 434">
     <span class='ocr_line' id='line_1_1' title="bbox 386 320 1216 434; baseline 0.006 -5"><span class='ocrx_word' id='word_1_1' title='bbox 386 320 928 433; x_wconf 50' lang='lat' dir='ltr'><strong>oss&#39;cun&#39;vsnon.</strong></span> <span class='ocrx_word' id='word_1_2' title='bbox 1156 365 1216 434; x_wconf 78' lang='lat' dir='ltr'><strong>sss</strong></span> 
     </span>
    </p>
   </div>
   <div class='ocr_carea' id='block_1_2' title="bbox 88 521 1312 4274">
    <p class='ocr_par' dir='ltr' id='par_1_2' title="bbox 88 521 1312 3484">
     <span class='ocr_line' id='line_1_2' title="bbox 98 521 1216 606; baseline 0.002 -22"><span class='ocrx_word' id='word_1_3' title='bbox 98 535 143 586; x_wconf 87' lang='lat' dir='ltr'><strong>est.</strong></span> <span class='ocrx_word' id='word_1_4' title='bbox 181 524 224 585; x_wconf 88' lang='lat' dir='ltr'><strong>Et</strong></span> <span class='ocrx_word' id='word_1_5' title='bbox 243 543 328 586; x_wconf 90' lang='lat' dir='ltr'><strong>unus</strong></span> <span class='ocrx_word' id='word_1_6' title='bbox 349 521 522 605; x_wconf 86' lang='lat' dir='ltr'><strong>expectavit</strong></span> <span class='ocrx_word' id='word_1_7' title='bbox 542 543 613 606; x_wconf 82' lang='lat' dir='ltr'><strong>eum</strong></span> <span class='ocrx_word' id='word_1_8' title='bbox 632 533 704 585; x_wconf 90' lang='lat' dir='ltr'><strong>ante</strong></span> <span class='ocrx_word' id='word_1_9' title='bbox 721 521 903 598; x_wconf 87' lang='lat' dir='ltr'><strong>lectorium,</strong></span> <span class='ocrx_word' id='word_1_10' title='bbox 923 533 955 586; x_wconf 85' lang='lat' dir='ltr'><strong>st</strong></span> <span class='ocrx_word' id='word_1_11' title='bbox 975 523 1107 588; x_wconf 76' lang='lat' dir='ltr'><strong>detraxit</strong></span> <span class='ocrx_word' id='word_1_12' title='bbox 1125 545 1216 586; x_wconf 87' lang='lat' dir='ltr'><strong>suum</strong></span> 
     </span>
     <span class='ocr_line' id='line_1_3' title="bbox 98 622 1312 704; baseline -0.002 -20"><span class='ocrx_word' id='word_1_13' title='bbox 98 628 228 684; x_wconf 87' lang='lat' dir='ltr'><strong>baretum</strong></span> <span class='ocrx_word' id='word_1_14' title='bbox 250 624 383 698; x_wconf 87' lang='lat' dir='ltr'><strong>abinde,</strong></span> <span class='ocrx_word' id='word_1_15' title='bbox 426 622 588 702; x_wconf 87' lang='lat' dir='ltr'><strong>(sednon</strong></span> <span class='ocrx_word' id='word_1_16' title='bbox 609 632 737 704; x_wconf 89' lang='lat' dir='ltr'><strong>propter</strong></span> <span class='ocrx_word' id='word_1_17' title='bbox 758 623 925 699; x_wconf 83' lang='lat' dir='ltr'>honorem,</span> <span class='ocrx_word' id='word_1_18' title='bbox 959 625 1013 684; x_wconf 90' lang='lat' dir='ltr'><strong>sed</strong></span> <span class='ocrx_word' id='word_1_19' title='bbox 1034 624 1112 685; x_wconf 86' lang='lat' dir='ltr'><strong>sicut</strong></span> <span class='ocrx_word' id='word_1_20' title='bbox 1132 624 1218 684; x_wconf 80' lang='lat' dir='ltr'><strong>fecs-</strong></span> <span class='ocrx_word' id='word_1_21' title='bbox 1309 637 1312 646; x_wconf 70' lang='lat'><strong>⁴</strong></span> 
     </span>
     <span class='ocr_line' id='line_1_4' title="bbox 98 705 1218 803; baseline -0.004 -17"><span class='ocrx_word' id='word_1_22' title='bbox 98 733 162 786; x_wconf 84' lang='lat' dir='ltr'><strong>runt</strong></span> <span class='ocrx_word' id='word_1_23' title='bbox 178 723 310 796; x_wconf 78' lang='lat' dir='ltr'><strong>Iudaei,</strong></span> <span class='ocrx_word' id='word_1_24' title='bbox 333 723 456 803; x_wconf 84' lang='lat' dir='ltr'><strong>quando</strong></span> <span class='ocrx_word' id='word_1_25' title='bbox 476 732 704 783; x_wconf 80' lang='lat' dir='ltr'><strong>coronaverunt</strong></span> <span class='ocrx_word' id='word_1_26' title='bbox 725 721 901 796; x_wconf 74' lang='lat' dir='ltr'><strong>Christum,</strong></span> <span class='ocrx_word' id='word_1_27' title='bbox 931 735 962 782; x_wconf 87' lang='lat' dir='ltr'><strong>et</strong></span> <span class='ocrx_word' id='word_1_28' title='bbox 980 705 1143 783; x_wconf 84' lang='lat' dir='ltr'><strong>flectebant</strong></span> <span class='ocrx_word' id='word_1_29' title='bbox 1164 743 1218 802; x_wconf 83' lang='lat' dir='ltr'><strong>ge-</strong></span> 
     </span>
     <span class='ocr_line' id='line_1_5' title="bbox 98 801 1275 904; baseline -0.003 -21"><span class='ocrx_word' id='word_1_30' title='bbox 98 823 165 904; x_wconf 15' lang='lat' dir='ltr'><strong>nuus)</strong></span> <span class='ocrx_word' id='word_1_31' title='bbox 187 833 219 883; x_wconf 87' lang='lat' dir='ltr'><strong>et</strong></span> <span class='ocrx_word' id='word_1_32' title='bbox 241 820 340 882; x_wconf 85' lang='lat' dir='ltr'><strong>dixit:</strong></span> <span class='ocrx_word' id='word_1_33' title='bbox 383 821 518 882; x_wconf 86' lang='lat' dir='ltr'><strong>Domine</strong></span> <span class='ocrx_word' id='word_1_34' title='bbox 536 823 668 896; x_wconf 88' lang='lat' dir='ltr'><strong>Doctor,</strong></span> <span class='ocrx_word' id='word_1_35' title='bbox 689 841 759 881; x_wconf 89' lang='lat' dir='ltr'><strong>cum</strong></span> <span class='ocrx_word' id='word_1_36' title='bbox 779 819 1027 902; x_wconf 72' lang='lat' dir='ltr'><strong>supportatione,</strong></span> <span class='ocrx_word' id='word_1_37' title='bbox 1054 822 1140 882; x_wconf 85' lang='lat' dir='ltr'><strong>Deus</strong></span> <span class='ocrx_word' id='word_1_38' title='bbox 1160 821 1219 881; x_wconf 93' lang='lat' dir='ltr'><strong>be-</strong></span> <span class='ocrx_word' id='word_1_39' title='bbox 1265 801 1275 828; x_wconf 51' lang='lat'>⁸</span> 
     </span>
     <span class='ocr_line' id='line_1_6' title="bbox 99 919 1218 1002; baseline -0.004 -20"><span class='ocrx_word' id='word_1_40' title='bbox 99 922 211 982; x_wconf 86' lang='lat' dir='ltr'><strong>nedioat</strong></span> <span class='ocrx_word' id='word_1_41' title='bbox 231 921 323 983; x_wconf 89' lang='lat' dir='ltr'><strong>vobis</strong></span> <span class='ocrx_word' id='word_1_42' title='bbox 342 920 505 981; x_wconf 86' lang='lat' dir='ltr'><strong>balneum!</strong></span> <span class='ocrx_word' id='word_1_43' title='bbox 546 921 637 982; x_wconf 80' lang='lat' dir='ltr'><strong>Tunc</strong></span> <span class='ocrx_word' id='word_1_44' title='bbox 658 919 725 1000; x_wconf 91' lang='lat' dir='ltr'><strong>ipse</strong></span> <span class='ocrx_word' id='word_1_45' title='bbox 744 919 837 980; x_wconf 83' lang='lat' dir='ltr'><strong>dixit:</strong></span> <span class='ocrx_word' id='word_1_46' title='bbox 868 921 937 980; x_wconf 89' lang='lat' dir='ltr'><strong>Deo</strong></span> <span class='ocrx_word' id='word_1_47' title='bbox 956 920 1085 1002; x_wconf 80' lang='lat' dir='ltr'><strong>gratias,</strong></span> <span class='ocrx_word' id='word_1_48' title='bbox 1106 920 1218 980; x_wconf 89' lang='lat' dir='ltr'><strong>Domi·</strong></span> 
     </span>
     <span class='ocr_line' id='line_1_7' title="bbox 97 1017 1218 1099; baseline -0.001 -18"><span class='ocrx_word' id='word_1_49' title='bbox 97 1043 131 1081; x_wconf 89' lang='lat' dir='ltr'><strong>ne</strong></span> <span class='ocrx_word' id='word_1_50' title='bbox 151 1019 368 1094; x_wconf 87' lang='lat' dir='ltr'><strong>Baccalaurie,</strong></span> <span class='ocrx_word' id='word_1_51' title='bbox 398 1030 429 1079; x_wconf 95' lang='lat' dir='ltr'><strong>et</strong></span> <span class='ocrx_word' id='word_1_52' title='bbox 449 1039 512 1080; x_wconf 90' lang='lat' dir='ltr'><strong>non</strong></span> <span class='ocrx_word' id='word_1_53' title='bbox 533 1018 614 1080; x_wconf 86' lang='lat' dir='ltr'><strong>dixit</strong></span> <span class='ocrx_word' id='word_1_54' title='bbox 632 1018 779 1099; x_wconf 89' lang='lat' dir='ltr'><strong>amplius,</strong></span> <span class='ocrx_word' id='word_1_55' title='bbox 813 1028 844 1079; x_wconf 86' lang='lat' dir='ltr'><strong>et</strong></span> <span class='ocrx_word' id='word_1_56' title='bbox 862 1017 967 1080; x_wconf 84' lang='lat' dir='ltr'><strong>abivit.</strong></span> <span class='ocrx_word' id='word_1_57' title='bbox 1029 1019 1118 1080; x_wconf 89' lang='lat' dir='ltr'><strong>Unus</strong></span> <span class='ocrx_word' id='word_1_58' title='bbox 1137 1018 1218 1080; x_wconf 86' lang='lat' dir='ltr'><strong>dixit</strong></span> 
     </span>
     <span class='ocr_line' id='line_1_8' title="bbox 96 1117 1218 1202; baseline -0.004 -22"><span class='ocrx_word' id='word_1_59' title='bbox 96 1119 183 1193; x_wconf 88' lang='lat' dir='ltr'><strong>mihi,</strong></span> <span class='ocrx_word' id='word_1_60' title='bbox 204 1121 291 1202; x_wconf 89' lang='lat' dir='ltr'><strong>quod</strong></span> <span class='ocrx_word' id='word_1_61' title='bbox 310 1118 394 1178; x_wconf 91' lang='lat' dir='ltr'><strong>oculi</strong></span> <span class='ocrx_word' id='word_1_62' title='bbox 416 1117 482 1197; x_wconf 88' lang='lat' dir='ltr'><strong>ejus</strong></span> <span class='ocrx_word' id='word_1_63' title='bbox 501 1127 650 1178; x_wconf 87' lang='lat' dir='ltr'><strong>steterunt</strong></span> <span class='ocrx_word' id='word_1_64' title='bbox 669 1118 729 1178; x_wconf 88' lang='lat' dir='ltr'><strong>sibi</strong></span> <span class='ocrx_word' id='word_1_65' title='bbox 749 1117 877 1198; x_wconf 90' lang='lat' dir='ltr'><strong>plenum</strong></span> <span class='ocrx_word' id='word_1_66' title='bbox 899 1137 993 1197; x_wconf 86' lang='lat' dir='ltr'><strong>aqua,</strong></span> <span class='ocrx_word' id='word_1_67' title='bbox 1026 1128 1057 1178; x_wconf 91' lang='lat' dir='ltr'><strong>et</strong></span> <span class='ocrx_word' id='word_1_68' title='bbox 1077 1117 1218 1190; x_wconf 81' lang='lat' dir='ltr'><strong>credidit,</strong></span> 
     </span>
     <span class='ocr_line' id='line_1_9' title="bbox 97 1201 1217 1299; baseline 0 -23"><span class='ocrx_word' id='word_1_69' title='bbox 97 1219 172 1298; x_wconf 86' lang='lat' dir='ltr'><strong>qnod</strong></span> <span class='ocrx_word' id='word_1_70' title='bbox 191 1219 331 1299; x_wconf 82' lang='lat' dir='ltr'><strong>ploravit</strong></span> <span class='ocrx_word' id='word_1_71' title='bbox 352 1228 465 1296; x_wconf 87' lang='lat' dir='ltr'><strong>postea.</strong></span> <span class='ocrx_word' id='word_1_72' title='bbox 505 1219 546 1279; x_wconf 89' lang='lat' dir='ltr'><strong>Et</strong></span> <span class='ocrx_word' id='word_1_73' title='bbox 564 1201 688 1299; x_wconf 74' lang='lat' dir='ltr'><strong>quando</strong></span> <span class='ocrx_word' id='word_1_74' title='bbox 708 1235 764 1296; x_wconf 85' lang='lat' dir='ltr'><strong>ego</strong></span> <span class='ocrx_word' id='word_1_75' title='bbox 794 1215 901 1277; x_wconf 90' lang='lat' dir='ltr'><strong>audivi</strong></span> <span class='ocrx_word' id='word_1_76' title='bbox 926 1217 1002 1278; x_wconf 88' lang='lat' dir='ltr'><strong>tales</strong></span> <span class='ocrx_word' id='word_1_77' title='bbox 1027 1216 1217 1284; x_wconf 83' lang='lat' dir='ltr'><strong>vexationes,</strong></span> 
     </span>
     <span class='ocr_line' id='line_1_10' title="bbox 96 1313 1219 1396; baseline 0 -20"><span class='ocrx_word' id='word_1_78' title='bbox 96 1327 164 1376; x_wconf 90' lang='lat' dir='ltr'><strong>tnnc</strong></span> <span class='ocrx_word' id='word_1_79' title='bbox 184 1315 289 1376; x_wconf 89' lang='lat' dir='ltr'><strong>doluit</strong></span> <span class='ocrx_word' id='word_1_80' title='bbox 307 1315 387 1374; x_wconf 81' lang='lat' dir='ltr'><strong>milri</strong></span> <span class='ocrx_word' id='word_1_81' title='bbox 407 1317 441 1376; x_wconf 88' lang='lat' dir='ltr'><strong>in</strong></span> <span class='ocrx_word' id='word_1_82' title='bbox 463 1329 587 1390; x_wconf 88' lang='lat' dir='ltr'><strong>ventre,</strong></span> <span class='ocrx_word' id='word_1_83' title='bbox 607 1313 684 1375; x_wconf 88' lang='lat' dir='ltr'><strong>etsi</strong></span> <span class='ocrx_word' id='word_1_84' title='bbox 706 1333 761 1395; x_wconf 87' lang='lat' dir='ltr'><strong>ego</strong></span> <span class='ocrx_word' id='word_1_85' title='bbox 782 1315 955 1392; x_wconf 76' lang='lat' dir='ltr'><strong>scivissem,</strong></span> <span class='ocrx_word' id='word_1_86' title='bbox 990 1316 1060 1396; x_wconf 91' lang='lat' dir='ltr'><strong>quis</strong></span> <span class='ocrx_word' id='word_1_87' title='bbox 1078 1316 1134 1375; x_wconf 86' lang='lat' dir='ltr'><strong>ille</strong></span> <span class='ocrx_word' id='word_1_88' title='bbox 1153 1317 1219 1376; x_wconf 88' lang='lat' dir='ltr'><strong>lec-</strong></span> 
     </span>
     <span class='ocr_line' id='line_1_11' title="bbox 94 1413 1218 1496; baseline 0.002 -24"><span class='ocrx_word' id='word_1_89' title='bbox 94 1423 176 1474; x_wconf 89' lang='lat' dir='ltr'><strong>cator</strong></span> <span class='ocrx_word' id='word_1_90' title='bbox 198 1413 328 1480; x_wconf 83' lang='lat' dir='ltr'><strong>fuisset,</strong></span> <span class='ocrx_word' id='word_1_91' title='bbox 349 1433 405 1495; x_wconf 84' lang='lat' dir='ltr'><strong>ego</strong></span> <span class='ocrx_word' id='word_1_92' title='bbox 424 1413 641 1496; x_wconf 87' lang='lat' dir='ltr'><strong>percussisscm</strong></span> <span class='ocrx_word' id='word_1_93' title='bbox 661 1433 712 1473; x_wconf 89' lang='lat' dir='ltr'><strong>mo</strong></span> <span class='ocrx_word' id='word_1_94' title='bbox 732 1432 803 1474; x_wconf 83' lang='lat' dir='ltr'><strong>eum</strong></span> <span class='ocrx_word' id='word_1_95' title='bbox 824 1434 873 1482; x_wconf 87' lang='lat' dir='ltr'><strong>eo,</strong></span> <span class='ocrx_word' id='word_1_96' title='bbox 893 1415 950 1476; x_wconf 87' lang='lat' dir='ltr'><strong>etsi</strong></span> <span class='ocrx_word' id='word_1_97' title='bbox 970 1415 1117 1478; x_wconf 84' lang='lat' dir='ltr'><strong>deberent</strong></span> <span class='ocrx_word' id='word_1_98' title='bbox 1135 1414 1218 1476; x_wconf 89' lang='lat' dir='ltr'><strong>mihi</strong></span> 
     </span>
     <span class='ocr_line' id='line_1_12' title="bbox 95 1510 1218 1596; baseline 0.002 -24"><span class='ocrx_word' id='word_1_99' title='bbox 95 1523 185 1593; x_wconf 88' lang='lat' dir='ltr'><strong>eaput</strong></span> <span class='ocrx_word' id='word_1_100' title='bbox 214 1533 284 1572; x_wconf 87' lang='lat' dir='ltr'><strong>cum</strong></span> <span class='ocrx_word' id='word_1_101' title='bbox 309 1533 372 1574; x_wconf 89' lang='lat' dir='ltr'><strong>una</strong></span> <span class='ocrx_word' id='word_1_102' title='bbox 401 1513 467 1594; x_wconf 88' lang='lat' dir='ltr'><strong>pila</strong></span> <span class='ocrx_word' id='word_1_103' title='bbox 494 1511 607 1575; x_wconf 89' lang='lat' dir='ltr'><strong>abinde</strong></span> <span class='ocrx_word' id='word_1_104' title='bbox 634 1510 769 1572; x_wconf 87' lang='lat' dir='ltr'><strong>trusisso.</strong></span> <span class='ocrx_word' id='word_1_105' title='bbox 831 1513 893 1574; x_wconf 84' lang='lat' dir='ltr'><strong>sed</strong></span> <span class='ocrx_word' id='word_1_106' title='bbox 920 1513 986 1596; x_wconf 89' lang='lat' dir='ltr'><strong>ipse</strong></span> <span class='ocrx_word' id='word_1_107' title='bbox 1005 1513 1098 1576; x_wconf 87' lang='lat' dir='ltr'><strong>habet</strong></span> <span class='ocrx_word' id='word_1_108' title='bbox 1116 1513 1218 1581; x_wconf 87' lang='lat' dir='ltr'><strong>adhuc</strong></span> 
     </span>
     <span class='ocr_line' id='line_1_13' title="bbox 94 1595 1218 1694; baseline 0.002 -23"><span class='ocrx_word' id='word_1_109' title='bbox 94 1633 193 1671; x_wconf 89' lang='lat' dir='ltr'><strong>unum</strong></span> <span class='ocrx_word' id='word_1_110' title='bbox 214 1613 419 1692; x_wconf 86' lang='lat' dir='ltr'><strong>discipulum,</strong></span> <span class='ocrx_word' id='word_1_111' title='bbox 441 1613 498 1672; x_wconf 89' lang='lat' dir='ltr'><strong>ille</strong></span> <span class='ocrx_word' id='word_1_112' title='bbox 520 1623 566 1673; x_wconf 90' lang='lat' dir='ltr'><strong>est</strong></span> <span class='ocrx_word' id='word_1_113' title='bbox 574 1595 663 1670; x_wconf 83' lang='lat' dir='ltr'><strong>&#39;mihi</strong></span> <span class='ocrx_word' id='word_1_114' title='bbox 683 1631 763 1672; x_wconf 90' lang='lat' dir='ltr'><strong>unus</strong></span> <span class='ocrx_word' id='word_1_115' title='bbox 782 1609 889 1672; x_wconf 88' lang='lat' dir='ltr'><strong>doctus</strong></span> <span class='ocrx_word' id='word_1_116' title='bbox 907 1613 976 1683; x_wconf 85' lang='lat' dir='ltr'><strong>via,</strong></span> <span class='ocrx_word' id='word_1_117' title='bbox 997 1623 1028 1674; x_wconf 88' lang='lat' dir='ltr'><strong>et</strong></span> <span class='ocrx_word' id='word_1_118' title='bbox 1046 1612 1133 1694; x_wconf 85' lang='lat' dir='ltr'><strong>quasi</strong></span> <span class='ocrx_word' id='word_1_119' title='bbox 1147 1614 1218 1694; x_wconf 91' lang='lat' dir='ltr'><strong>plus</strong></span> 
     </span>
     <span class='ocr_line' id='line_1_14' title="bbox 94 1709 1296 1793; baseline 0.002 -22"><span class='ocrx_word' id='word_1_120' title='bbox 94 1711 332 1791; x_wconf 73' lang='lat' dir='ltr'><strong>quamnoetus,</strong></span> <span class='ocrx_word' id='word_1_121' title='bbox 375 1721 406 1771; x_wconf 89' lang='lat' dir='ltr'><strong>st</strong></span> <span class='ocrx_word' id='word_1_122' title='bbox 426 1711 519 1772; x_wconf 89' lang='lat' dir='ltr'><strong>etiam</strong></span> <span class='ocrx_word' id='word_1_123' title='bbox 547 1709 633 1791; x_wconf 89' lang='lat' dir='ltr'><strong>quasi</strong></span> <span class='ocrx_word' id='word_1_124' title='bbox 664 1711 735 1790; x_wconf 85' lang='lat' dir='ltr'><strong>plus</strong></span> <span class='ocrx_word' id='word_1_125' title='bbox 758 1709 864 1771; x_wconf 87' lang='lat' dir='ltr'><strong>doetus</strong></span> <span class='ocrx_word' id='word_1_126' title='bbox 884 1731 977 1793; x_wconf 87' lang='lat' dir='ltr'><strong>quam</strong></span> <span class='ocrx_word' id='word_1_127' title='bbox 998 1733 1071 1774; x_wconf 75' lang='lat' dir='ltr'><strong>sirus</strong></span> <span class='ocrx_word' id='word_1_128' title='bbox 1089 1712 1219 1774; x_wconf 84' lang='lat' dir='ltr'><strong>Praece—</strong></span> <span class='ocrx_word' id='word_1_129' title='bbox 1293 1721 1296 1732; x_wconf 91' lang='grc'><strong>’</strong></span> 
     </span>
     <span class='ocr_line' id='line_1_15' title="bbox 95 1807 1219 1892; baseline 0.003 -22"><span class='ocrx_word' id='word_1_130' title='bbox 95 1819 188 1891; x_wconf 90' lang='lat' dir='ltr'><strong>ptor,</strong></span> <span class='ocrx_word' id='word_1_131' title='bbox 223 1810 283 1870; x_wconf 90' lang='lat' dir='ltr'><strong>nisi</strong></span> <span class='ocrx_word' id='word_1_132' title='bbox 301 1809 380 1892; x_wconf 82' lang='lat' dir='ltr'><strong>quod</strong></span> <span class='ocrx_word' id='word_1_133' title='bbox 402 1809 469 1890; x_wconf 89' lang='lat' dir='ltr'><strong>ipse</strong></span> <span class='ocrx_word' id='word_1_134' title='bbox 489 1819 534 1870; x_wconf 91' lang='lat' dir='ltr'><strong>est</strong></span> <span class='ocrx_word' id='word_1_135' title='bbox 553 1807 686 1890; x_wconf 76' lang='lat' dir='ltr'><strong>simplex</strong></span> <span class='ocrx_word' id='word_1_136' title='bbox 707 1809 922 1871; x_wconf 86' lang='lat' dir='ltr'><strong>Bacoslaurius</strong></span> <span class='ocrx_word' id='word_1_137' title='bbox 940 1812 974 1872; x_wconf 90' lang='lat' dir='ltr'><strong>in</strong></span> <span class='ocrx_word' id='word_1_138' title='bbox 993 1811 1111 1888; x_wconf 80' lang='lat' dir='ltr'><strong>Biblia3</strong></span> <span class='ocrx_word' id='word_1_139' title='bbox 1151 1812 1219 1892; x_wconf 84' lang='lat' dir='ltr'><strong>ipse</strong></span> 
     </span>
     <span class='ocr_line' id='line_1_16' title="bbox 95 1908 1218 1990; baseline 0.004 -23"><span class='ocrx_word' id='word_1_140' title='bbox 95 1929 169 1968; x_wconf 88' lang='lat' dir='ltr'><strong>cum</strong></span> <span class='ocrx_word' id='word_1_141' title='bbox 190 1910 340 1990; x_wconf 86' lang='lat' dir='ltr'><strong>pauculis,</strong></span> <span class='ocrx_word' id='word_1_142' title='bbox 366 1910 432 1969; x_wconf 89' lang='lat' dir='ltr'><strong>imo</strong></span> <span class='ocrx_word' id='word_1_143' title='bbox 451 1908 642 1990; x_wconf 85' lang='lat' dir='ltr'><strong>paucissimis</strong></span> <span class='ocrx_word' id='word_1_144' title='bbox 661 1909 851 1988; x_wconf 82' lang='lat' dir='ltr'><strong>temporibus</strong></span> <span class='ocrx_word' id='word_1_145' title='bbox 869 1911 1056 1990; x_wconf 86' lang='lat' dir='ltr'><strong>praeteritis,</strong></span> <span class='ocrx_word' id='word_1_146' title='bbox 1089 1911 1218 1972; x_wconf 87' lang='lat' dir='ltr'><strong>intima-</strong></span> 
     </span>
     <span class='ocr_line' id='line_1_17' title="bbox 93 2007 1219 2090; baseline 0.002 -22"><span class='ocrx_word' id='word_1_147' title='bbox 93 2007 140 2068; x_wconf 85' lang='lat' dir='ltr'><strong>vit</strong></span> <span class='ocrx_word' id='word_1_148' title='bbox 160 2009 240 2067; x_wconf 85' lang='lat' dir='ltr'><strong>heno</strong></span> <span class='ocrx_word' id='word_1_149' title='bbox 266 2007 377 2089; x_wconf 86' lang='lat' dir='ltr'><strong>viginti</strong></span> <span class='ocrx_word' id='word_1_150' title='bbox 407 2009 597 2088; x_wconf 88' lang='lat' dir='ltr'><strong>quaestiones</strong></span> <span class='ocrx_word' id='word_1_151' title='bbox 616 2020 647 2068; x_wconf 87' lang='lat' dir='ltr'><strong>et</strong></span> <span class='ocrx_word' id='word_1_152' title='bbox 665 2007 871 2090; x_wconf 86' lang='lat' dir='ltr'><strong>sophismata,</strong></span> <span class='ocrx_word' id='word_1_153' title='bbox 915 2018 946 2070; x_wconf 88' lang='lat' dir='ltr'><strong>et</strong></span> <span class='ocrx_word' id='word_1_154' title='bbox 963 2029 1084 2090; x_wconf 88' lang='lat' dir='ltr'><strong>semper</strong></span> <span class='ocrx_word' id='word_1_155' title='bbox 1111 2020 1219 2072; x_wconf 87' lang='lat' dir='ltr'><strong>contra</strong></span> 
     </span>
     <span class='ocr_line' id='line_1_18' title="bbox 93 2105 1220 2190; baseline 0 -23"><span class='ocrx_word' id='word_1_156' title='bbox 93 2108 273 2182; x_wconf 87' lang='lat' dir='ltr'><strong>modernos,</strong></span> <span class='ocrx_word' id='word_1_157' title='bbox 313 2105 473 2168; x_wconf 80' lang='lat' dir='ltr'><strong>videlicet:</strong></span> <span class='ocrx_word' id='word_1_158' title='bbox 524 2107 659 2182; x_wconf 80' lang='lat' dir='ltr'><strong>„Utrum</strong></span> <span class='ocrx_word' id='word_1_159' title='bbox 692 2109 778 2170; x_wconf 86' lang='lat' dir='ltr'><strong>Deus</strong></span> <span class='ocrx_word' id='word_1_160' title='bbox 810 2108 851 2169; x_wconf 92' lang='lat' dir='ltr'><strong>sit</strong></span> <span class='ocrx_word' id='word_1_161' title='bbox 881 2108 917 2169; x_wconf 89' lang='lat' dir='ltr'><strong>in</strong></span> <span class='ocrx_word' id='word_1_162' title='bbox 948 2109 1220 2190; x_wconf 73' lang='lat' dir='ltr'><strong>praedicamento?</strong></span> 
     </span>
     <span class='ocr_line' id='line_1_19' title="bbox 93 2200 1219 2272; baseline 0.004 -5"><span class='ocrx_word' id='word_1_163' title='bbox 93 2217 200 2267; x_wconf 86' lang='lat' dir='ltr'><strong>utrum</strong></span> <span class='ocrx_word' id='word_1_164' title='bbox 219 2208 350 2267; x_wconf 84' lang='lat' dir='ltr'><strong>essentia</strong></span> <span class='ocrx_word' id='word_1_165' title='bbox 374 2215 405 2267; x_wconf 89' lang='lat' dir='ltr'><strong>ot</strong></span> <span class='ocrx_word' id='word_1_166' title='bbox 427 2200 588 2267; x_wconf 77' lang='lat' dir='ltr'><strong>existentia</strong></span> <span class='ocrx_word' id='word_1_167' title='bbox 609 2208 671 2268; x_wconf 89' lang='lat' dir='ltr'><strong>sint</strong></span> <span class='ocrx_word' id='word_1_168' title='bbox 696 2205 876 2267; x_wconf 76' lang='lat' dir='ltr'><strong>distinctae?</strong></span> <span class='ocrx_word' id='word_1_169' title='bbox 916 2217 1021 2268; x_wconf 89' lang='lat' dir='ltr'><strong>utrum</strong></span> <span class='ocrx_word' id='word_1_170' title='bbox 1041 2211 1219 2272; x_wconf 83' lang='lat' dir='ltr'><strong>rollationea</strong></span> 
     </span>
     <span class='ocr_line' id='line_1_20' title="bbox 93 2303 1220 2388; baseline 0.003 -22"><span class='ocrx_word' id='word_1_171' title='bbox 93 2327 188 2368; x_wconf 86' lang='lat' dir='ltr'><strong>aeuo</strong></span> <span class='ocrx_word' id='word_1_172' title='bbox 209 2306 411 2366; x_wconf 87' lang='lat' dir='ltr'><strong>fundamento</strong></span> <span class='ocrx_word' id='word_1_173' title='bbox 437 2305 499 2366; x_wconf 87' lang='lat' dir='ltr'><strong>siut</strong></span> <span class='ocrx_word' id='word_1_174' title='bbox 531 2303 712 2365; x_wconf 74' lang='lat' dir='ltr'><strong>distinctae?</strong></span> <span class='ocrx_word' id='word_1_175' title='bbox 733 2305 773 2365; x_wconf 90' lang='lat' dir='ltr'><strong>Et</strong></span> <span class='ocrx_word' id='word_1_176' title='bbox 800 2315 907 2366; x_wconf 86' lang='lat' dir='ltr'><strong>utrum</strong></span> <span class='ocrx_word' id='word_1_177' title='bbox 933 2306 1039 2366; x_wconf 90' lang='lat' dir='ltr'><strong>decem</strong></span> <span class='ocrx_word' id='word_1_178' title='bbox 1059 2311 1220 2388; x_wconf 83' lang='lat' dir='ltr'><strong>praedica·-</strong></span> 
     </span>
     <span class='ocr_line' id='line_1_21' title="bbox 91 2402 1218 2488; baseline 0.004 -24"><span class='ocrx_word' id='word_1_179' title='bbox 91 2414 201 2465; x_wconf 86' lang='lat' dir='ltr'><strong>menta</strong></span> <span class='ocrx_word' id='word_1_180' title='bbox 220 2405 284 2465; x_wconf 92' lang='lat' dir='ltr'><strong>sint</strong></span> <span class='ocrx_word' id='word_1_181' title='bbox 307 2405 431 2467; x_wconf 84' lang='lat' dir='ltr'><strong>realiter</strong></span> <span class='ocrx_word' id='word_1_182' title='bbox 452 2403 646 2464; x_wconf 82' lang='lat' dir='ltr'><strong>distincta‘i“</strong></span> <span class='ocrx_word' id='word_1_183' title='bbox 699 2402 782 2463; x_wconf 87' lang='lat' dir='ltr'><strong>Huil</strong></span> <span class='ocrx_word' id='word_1_184' title='bbox 810 2415 886 2486; x_wconf 86' lang='lat' dir='ltr'><strong>quot</strong></span> <span class='ocrx_word' id='word_1_185' title='bbox 904 2406 1140 2486; x_wconf 87' lang='lat' dir='ltr'><strong>respondentes!</strong></span> <span class='ocrx_word' id='word_1_186' title='bbox 1162 2428 1218 2488; x_wconf 83' lang='lat' dir='ltr'><strong>ego</strong></span> 
     </span>
     <span class='ocr_line' id='line_1_22' title="bbox 89 2500 1219 2585; baseline 0.002 -21"><span class='ocrx_word' id='word_1_187' title='bbox 89 2525 158 2564; x_wconf 89' lang='lat' dir='ltr'><strong>non</strong></span> <span class='ocrx_word' id='word_1_188' title='bbox 181 2503 253 2565; x_wconf 89' lang='lat' dir='ltr'><strong>vidi</strong></span> <span class='ocrx_word' id='word_1_189' title='bbox 269 2503 305 2564; x_wconf 92' lang='lat' dir='ltr'><strong>in</strong></span> <span class='ocrx_word' id='word_1_190' title='bbox 323 2503 386 2565; x_wconf 88' lang='lat' dir='ltr'><strong>vita</strong></span> <span class='ocrx_word' id='word_1_191' title='bbox 399 2523 468 2564; x_wconf 91' lang='lat' dir='ltr'><strong>mea</strong></span> <span class='ocrx_word' id='word_1_192' title='bbox 481 2503 552 2585; x_wconf 88' lang='lat' dir='ltr'><strong>plus</strong></span> <span class='ocrx_word' id='word_1_193' title='bbox 563 2501 782 2582; x_wconf 83' lang='lat' dir='ltr'><strong>respondentes</strong></span> <span class='ocrx_word' id='word_1_194' title='bbox 798 2500 834 2562; x_wconf 90' lang='lat' dir='ltr'><strong>in</strong></span> <span class='ocrx_word' id='word_1_195' title='bbox 851 2503 989 2577; x_wconf 83' lang='lat' dir='ltr'><strong>lectorio,</strong></span> <span class='ocrx_word' id='word_1_196' title='bbox 1010 2505 1113 2585; x_wconf 88' lang='lat' dir='ltr'><strong>etipse</strong></span> <span class='ocrx_word' id='word_1_197' title='bbox 1126 2508 1219 2566; x_wconf 89' lang='lat' dir='ltr'><strong>etiam</strong></span> 
     </span>
     <span class='ocr_line' id='line_1_23' title="bbox 89 2600 1220 2688; baseline 0.002 -24"><span class='ocrx_word' id='word_1_198' title='bbox 89 2602 245 2664; x_wconf 79' lang='lat' dir='ltr'><strong>defendit</strong></span> <span class='ocrx_word' id='word_1_199' title='bbox 264 2623 315 2664; x_wconf 88' lang='lat' dir='ltr'><strong>sua</strong></span> <span class='ocrx_word' id='word_1_200' title='bbox 335 2602 430 2677; x_wconf 90' lang='lat' dir='ltr'><strong>diota,</strong></span> <span class='ocrx_word' id='word_1_201' title='bbox 470 2612 501 2663; x_wconf 91' lang='lat' dir='ltr'><strong>et</strong></span> <span class='ocrx_word' id='word_1_202' title='bbox 520 2600 668 2682; x_wconf 85' lang='lat' dir='ltr'><strong>imposuit</strong></span> <span class='ocrx_word' id='word_1_203' title='bbox 687 2600 854 2676; x_wconf 85' lang='lat' dir='ltr'><strong>honorem,</strong></span> <span class='ocrx_word' id='word_1_204' title='bbox 893 2601 966 2682; x_wconf 87' lang='lat' dir='ltr'><strong>quia</strong></span> <span class='ocrx_word' id='word_1_205' title='bbox 987 2623 1066 2665; x_wconf 91' lang='lat' dir='ltr'><strong>unus</strong></span> <span class='ocrx_word' id='word_1_206' title='bbox 1087 2604 1220 2688; x_wconf 84' lang='lat' dir='ltr'><strong>simplex</strong></span> 
     </span>
     <span class='ocr_line' id='line_1_24' title="bbox 88 2698 1221 2783; baseline 0 -18"><span class='ocrx_word' id='word_1_207' title='bbox 88 2703 247 2783; x_wconf 83' lang='lat' dir='ltr'><strong>Magister</strong></span> <span class='ocrx_word' id='word_1_208' title='bbox 265 2703 389 2764; x_wconf 88' lang='lat' dir='ltr'><strong>haberet</strong></span> <span class='ocrx_word' id='word_1_209' title='bbox 407 2721 479 2762; x_wconf 87' lang='lat' dir='ltr'><strong>cnm</strong></span> <span class='ocrx_word' id='word_1_210' title='bbox 499 2720 564 2763; x_wconf 90' lang='lat' dir='ltr'><strong>uno</strong></span> <span class='ocrx_word' id='word_1_211' title='bbox 582 2698 803 2761; x_wconf 86' lang='lat' dir='ltr'><strong>sufficientiam.</strong></span> <span class='ocrx_word' id='word_1_212' title='bbox 865 2702 931 2781; x_wconf 86' lang='lat' dir='ltr'><strong>Ego</strong></span> <span class='ocrx_word' id='word_1_213' title='bbox 953 2701 1081 2778; x_wconf 77' lang='lat' dir='ltr'><strong>mirari,</strong></span> <span class='ocrx_word' id='word_1_214' title='bbox 1123 2713 1221 2783; x_wconf 82' lang='lat' dir='ltr'><strong>quare</strong></span> 
     </span>
     <span class='ocr_line' id='line_1_25' title="bbox 90 2798 1221 2883; baseline -0.001 -20"><span class='ocrx_word' id='word_1_215' title='bbox 90 2805 243 2864; x_wconf 87' lang='lat' dir='ltr'><strong>Decanus</strong></span> <span class='ocrx_word' id='word_1_216' title='bbox 260 2801 382 2862; x_wconf 89' lang='lat' dir='ltr'><strong>admisit</strong></span> <span class='ocrx_word' id='word_1_217' title='bbox 389 2823 398 2881; x_wconf 83' lang='lat'>3</span> <span class='ocrx_word' id='word_1_218' title='bbox 431 2819 487 2880; x_wconf 78' lang='lat' dir='ltr'><strong>ego</strong></span> <span class='ocrx_word' id='word_1_219' title='bbox 508 2799 623 2875; x_wconf 77' lang='lat' dir='ltr'><strong>credo,</strong></span> <span class='ocrx_word' id='word_1_220' title='bbox 657 2799 741 2880; x_wconf 85' lang='lat' dir='ltr'><strong>qnod</strong></span> <span class='ocrx_word' id='word_1_221' title='bbox 761 2798 825 2860; x_wconf 83' lang='lat' dir='ltr'><strong>fuit</strong></span> <span class='ocrx_word' id='word_1_222' title='bbox 844 2798 969 2862; x_wconf 88' lang='lat' dir='ltr'><strong>insanus</strong></span> <span class='ocrx_word' id='word_1_223' title='bbox 987 2812 1115 2883; x_wconf 88' lang='lat' dir='ltr'><strong>propter</strong></span> <span class='ocrx_word' id='word_1_224' title='bbox 1135 2805 1221 2864; x_wconf 89' lang='lat' dir='ltr'><strong>caui-</strong></span> 
     </span>
     <span class='ocr_line' id='line_1_26' title="bbox 93 2889 1222 2984; baseline 0.001 -21"><span class='ocrx_word' id='word_1_225' title='bbox 93 2904 232 2977; x_wconf 86' lang='lat' dir='ltr'><strong>culares,</strong></span> <span class='ocrx_word' id='word_1_226' title='bbox 254 2903 328 2984; x_wconf 86' lang='lat' dir='ltr'><strong>quia</strong></span> <span class='ocrx_word' id='word_1_227' title='bbox 348 2911 393 2962; x_wconf 88' lang='lat' dir='ltr'><strong>est</strong></span> <span class='ocrx_word' id='word_1_228' title='bbox 413 2889 519 2962; x_wconf 76' lang='lat' dir='ltr'><strong>contra</strong></span> <span class='ocrx_word' id='word_1_229' title='bbox 537 2908 657 2960; x_wconf 87' lang='lat' dir='ltr'><strong>statuta.</strong></span> <span class='ocrx_word' id='word_1_230' title='bbox 697 2899 737 2960; x_wconf 90' lang='lat' dir='ltr'><strong>Et</strong></span> <span class='ocrx_word' id='word_1_231' title='bbox 756 2899 879 2978; x_wconf 87' lang='lat' dir='ltr'><strong>quando</strong></span> <span class='ocrx_word' id='word_1_232' title='bbox 899 2899 1064 2983; x_wconf 89' lang='lat' dir='ltr'><strong>disputatio</strong></span> <span class='ocrx_word' id='word_1_233' title='bbox 1083 2903 1162 2978; x_wconf 88' lang='lat' dir='ltr'><strong>fuit,</strong></span> <span class='ocrx_word' id='word_1_234' title='bbox 1181 2925 1222 2965; x_wconf 88' lang='lat' dir='ltr'><strong>ox</strong></span> 
     </span>
     <span class='ocr_line' id='line_1_27' title="bbox 92 2995 1281 3088; baseline 0.003 -26"><span class='ocrx_word' id='word_1_235' title='bbox 92 3013 171 3062; x_wconf 90' lang='lat' dir='ltr'><strong>tunc</strong></span> <span class='ocrx_word' id='word_1_236' title='bbox 192 3021 249 3081; x_wconf 87' lang='lat' dir='ltr'><strong>ego</strong></span> <span class='ocrx_word' id='word_1_237' title='bbox 269 3003 306 3062; x_wconf 89' lang='lat' dir='ltr'><strong>in</strong></span> <span class='ocrx_word' id='word_1_238' title='bbox 326 3001 450 3063; x_wconf 88' lang='lat' dir='ltr'><strong>laudem</strong></span> <span class='ocrx_word' id='word_1_239' title='bbox 461 2999 560 3080; x_wconf 89' lang='lat' dir='ltr'><strong>ipsius</strong></span> <span class='ocrx_word' id='word_1_240' title='bbox 581 2995 764 3060; x_wconf 81' lang='lat' dir='ltr'><strong>metrificavi</strong></span> <span class='ocrx_word' id='word_1_241' title='bbox 783 2998 839 3060; x_wconf 85' lang='lat' dir='ltr'><strong>illa</strong></span> <span class='ocrx_word' id='word_1_242' title='bbox 858 3001 995 3065; x_wconf 85' lang='lat' dir='ltr'><strong>carmina</strong></span> <span class='ocrx_word' id='word_1_243' title='bbox 1013 3023 1054 3066; x_wconf 83' lang='lat' dir='ltr'><strong>ex</strong></span> <span class='ocrx_word' id='word_1_244' title='bbox 1072 3011 1220 3088; x_wconf 88' lang='lat' dir='ltr'><strong>temporo,</strong></span> <span class='ocrx_word' id='word_1_245' title='bbox 1278 3067 1281 3074; x_wconf 78' lang='grc'><em>,</em></span> 
     </span>
     <span class='ocr_line' id='line_1_28' title="bbox 93 3096 730 3186; baseline -0.009 -24"><span class='ocrx_word' id='word_1_246' title='bbox 93 3103 170 3184; x_wconf 86' lang='lat' dir='ltr'><strong>quia</strong></span> <span class='ocrx_word' id='word_1_247' title='bbox 189 3122 248 3183; x_wconf 82' lang='lat' dir='ltr'><strong>ego</strong></span> <span class='ocrx_word' id='word_1_248' title='bbox 261 3121 321 3186; x_wconf 89' lang='lat' dir='ltr'><strong>pro</strong></span> <span class='ocrx_word' id='word_1_249' title='bbox 340 3113 427 3182; x_wconf 84' lang='lat' dir='ltr'><strong>perte</strong></span> <span class='ocrx_word' id='word_1_250' title='bbox 451 3119 520 3162; x_wconf 90' lang='lat' dir='ltr'><strong>sum</strong></span> <span class='ocrx_word' id='word_1_251' title='bbox 538 3096 730 3184; x_wconf 83' lang='lat' dir='ltr'><strong>humanista:</strong></span> 
     </span>
     <span class='ocr_line' id='line_1_29' title="bbox 272 3197 844 3276; baseline -0.003 -14"><span class='ocrx_word' id='word_1_252' title='bbox 272 3214 274 3222; x_wconf 81' lang='grc'>’</span> <span class='ocrx_word' id='word_1_253' title='bbox 308 3203 376 3264; x_wconf 88' lang='lat' dir='ltr'><strong>Hic</strong></span> <span class='ocrx_word' id='word_1_254' title='bbox 388 3211 433 3259; x_wconf 84' lang='lat' dir='ltr'><strong>est</strong></span> <span class='ocrx_word' id='word_1_255' title='bbox 448 3219 530 3258; x_wconf 84' lang='lat' dir='ltr'><strong>unus</strong></span> <span class='ocrx_word' id='word_1_256' title='bbox 547 3197 655 3256; x_wconf 72' lang='lat' dir='ltr'><strong>doctam</strong></span> <span class='ocrx_word' id='word_1_257' title='bbox 670 3198 844 3276; x_wconf 82' lang='lat' dir='ltr'><strong>Magister,</strong></span> 
     </span>
     <span class='ocr_line' id='line_1_30' title="bbox 312 3295 761 3380; baseline -0.009 -20"><span class='ocrx_word' id='word_1_258' title='bbox 312 3303 376 3380; x_wconf 86' lang='lat' dir='ltr'><strong>Qui</strong></span> <span class='ocrx_word' id='word_1_259' title='bbox 393 3299 557 3359; x_wconf 76' lang='lat' dir='ltr'><strong>intimavit</strong></span> <span class='ocrx_word' id='word_1_260' title='bbox 569 3295 617 3355; x_wconf 86' lang='lat' dir='ltr'><strong>bis</strong></span> <span class='ocrx_word' id='word_1_261' title='bbox 633 3295 685 3357; x_wconf 79' lang='lat' dir='ltr'><strong>ael</strong></span> <span class='ocrx_word' id='word_1_262' title='bbox 696 3307 761 3375; x_wconf 83' lang='lat' dir='ltr'><strong>ter,</strong></span> 
     </span>
     <span class='ocr_line' id='line_1_31' title="bbox 241 3398 610 3484; baseline -0.019 -23"><span class='ocrx_word' id='word_1_263' title='bbox 241 3410 250 3484; x_wconf 64' lang='lat' dir='ltr'><em>f</em></span> <span class='ocrx_word' id='word_1_264' title='bbox 308 3399 438 3462; x_wconf 82' lang='lat' dir='ltr'><strong>Anesse</strong></span> <span class='ocrx_word' id='word_1_265' title='bbox 453 3398 610 3467; x_wconf 83' lang='lat' dir='ltr'><strong>essentias,</strong></span> 
     </span>
    </p>

    <p class='ocr_par' dir='ltr' id='par_1_3' title="bbox 309 3493 887 3578">
     <span class='ocr_line' id='line_1_32' title="bbox 309 3493 887 3578; baseline -0.014 -18"><span class='ocrx_word' id='word_1_266' title='bbox 309 3500 542 3578; x_wconf 81' lang='lat' dir='ltr'><strong>Distinguatnr</strong></span> <span class='ocrx_word' id='word_1_267' title='bbox 557 3493 596 3557; x_wconf 87' lang='lat' dir='ltr'><strong>ab</strong></span> <span class='ocrx_word' id='word_1_268' title='bbox 607 3515 669 3555; x_wconf 83' lang='lat' dir='ltr'><strong>assa</strong></span> <span class='ocrx_word' id='word_1_269' title='bbox 682 3495 887 3558; x_wconf 79' lang='lat' dir='ltr'><strong>existentiae?</strong></span> 
     </span>
    </p>

    <p class='ocr_par' dir='ltr' id='par_1_4' title="bbox 310 3593 704 3671">
     <span class='ocr_line' id='line_1_33' title="bbox 310 3593 704 3671; baseline -0.02 -13"><span class='ocrx_word' id='word_1_270' title='bbox 310 3599 356 3658; x_wconf 83' lang='lat' dir='ltr'><strong>Et</strong></span> <span class='ocrx_word' id='word_1_271' title='bbox 369 3597 406 3659; x_wconf 68' lang='lat' dir='ltr'><strong>ds</strong></span> <span class='ocrx_word' id='word_1_272' title='bbox 424 3593 653 3671; x_wconf 76' lang='lat' dir='ltr'><strong>rollsationibus,</strong></span> <span class='ocrx_word' id='word_1_273' title='bbox 701 3641 704 3650; x_wconf 71' lang='grc'>,</span> 
     </span>
    </p>

    <p class='ocr_par' dir='ltr' id='par_1_5' title="bbox 312 3691 1021 3774">
     <span class='ocr_line' id='line_1_34' title="bbox 312 3691 1021 3774; baseline -0.008 -16"><span class='ocrx_word' id='word_1_274' title='bbox 312 3699 355 3758; x_wconf 86' lang='lat' dir='ltr'><strong>Et</strong></span> <span class='ocrx_word' id='word_1_275' title='bbox 364 3696 402 3756; x_wconf 82' lang='lat' dir='ltr'><strong>de</strong></span> <span class='ocrx_word' id='word_1_276' title='bbox 412 3695 732 3774; x_wconf 81' lang='lat' dir='ltr'><strong>praedicamentorum</strong></span> <span class='ocrx_word' id='word_1_277' title='bbox 745 3691 999 3756; x_wconf 83' lang='lat' dir='ltr'><strong>distinctionibus</strong></span> <span class='ocrx_word' id='word_1_278' title='bbox 1005 3717 1021 3769; x_wconf 71' lang='grc' dir='ltr'><strong><em>ς</em></strong></span> 
     </span>
    </p>

    <p class='ocr_par' dir='ltr' id='par_1_6' title="bbox 311 3795 848 3874">
     <span class='ocr_line' id='line_1_35' title="bbox 311 3795 848 3874; baseline -0.011 -18"><span class='ocrx_word' id='word_1_279' title='bbox 311 3797 356 3856; x_wconf 83' lang='lat' dir='ltr'><strong>Et</strong></span> <span class='ocrx_word' id='word_1_280' title='bbox 371 3807 478 3874; x_wconf 57' lang='lat' dir='ltr'><strong>utrum</strong></span> <span class='ocrx_word' id='word_1_281' title='bbox 491 3795 581 3858; x_wconf 81' lang='lat' dir='ltr'><strong>Deus</strong></span> <span class='ocrx_word' id='word_1_282' title='bbox 596 3797 631 3852; x_wconf 85' lang='lat' dir='ltr'><strong>in</strong></span> <span class='ocrx_word' id='word_1_283' title='bbox 638 3795 848 3870; x_wconf 79' lang='lat' dir='ltr'><strong>firmamento,</strong></span> 
     </span>
    </p>

    <p class='ocr_par' dir='ltr' id='par_1_7' title="bbox 313 3891 813 3975">
     <span class='ocr_line' id='line_1_36' title="bbox 313 3891 813 3975; baseline -0.008 -21"><span class='ocrx_word' id='word_1_284' title='bbox 313 3895 364 3954; x_wconf 81' lang='lat' dir='ltr'><strong>Sit</strong></span> <span class='ocrx_word' id='word_1_285' title='bbox 377 3897 413 3953; x_wconf 78' lang='lat' dir='ltr'><strong>in</strong></span> <span class='ocrx_word' id='word_1_286' title='bbox 424 3895 532 3975; x_wconf 83' lang='lat' dir='ltr'><strong>aliquo</strong></span> <span class='ocrx_word' id='word_1_287' title='bbox 540 3891 813 3972; x_wconf 69' lang='lat' dir='ltr'><strong>praedicamus?</strong></span> 
     </span>
    </p>

    <p class='ocr_par' dir='ltr' id='par_1_8' title="bbox 317 3989 795 4074">
     <span class='ocr_line' id='line_1_37' title="bbox 317 3989 795 4074; baseline -0.01 -19"><span class='ocrx_word' id='word_1_288' title='bbox 317 3989 408 4072; x_wconf 72' lang='lat' dir='ltr'><strong>Quod</strong></span> <span class='ocrx_word' id='word_1_289' title='bbox 419 3993 595 4074; x_wconf 83' lang='lat' dir='ltr'><strong>nenmfecit</strong></span> <span class='ocrx_word' id='word_1_290' title='bbox 612 4003 685 4054; x_wconf 87' lang='lat' dir='ltr'><strong>ante</strong></span> <span class='ocrx_word' id='word_1_291' title='bbox 700 3989 795 4056; x_wconf 77' lang='lat' dir='ltr'><strong>eum?</strong></span> 
     </span>
    </p>

    <p class='ocr_par' dir='ltr' id='par_1_9' title="bbox 103 4093 1267 4274">
     <span class='ocr_line' id='line_1_38' title="bbox 314 4093 1267 4176; baseline -0.005 -22"><span class='ocrx_word' id='word_1_292' title='bbox 314 4093 382 4154; x_wconf 83' lang='lat' dir='ltr'><strong>Per</strong></span> <span class='ocrx_word' id='word_1_293' title='bbox 399 4097 503 4153; x_wconf 80' lang='lat' dir='ltr'><strong>cannia</strong></span> <span class='ocrx_word' id='word_1_294' title='bbox 521 4096 627 4158; x_wconf 79' lang='lat' dir='ltr'><strong>secula</strong></span> <span class='ocrx_word' id='word_1_295' title='bbox 645 4093 828 4153; x_wconf 74' lang='lat' dir='ltr'><strong>seculorum.</strong></span> <span class='ocrx_word' id='word_1_296' title='bbox 1264 4169 1267 4176; x_wconf 33' lang='grc' dir='ltr'>Ι</span> 
     </span>
     <span class='ocr_line' id='line_1_39' title="bbox 103 4188 1227 4274; baseline -0.002 -22"><span class='ocrx_word' id='word_1_297' title='bbox 103 4191 164 4253; x_wconf 86' lang='lat' dir='ltr'><strong>Sed</strong></span> <span class='ocrx_word' id='word_1_298' title='bbox 185 4192 227 4253; x_wconf 85' lang='lat' dir='ltr'><strong>de</strong></span> <span class='ocrx_word' id='word_1_299' title='bbox 244 4191 308 4253; x_wconf 89' lang='lat' dir='ltr'><strong>hoe</strong></span> <span class='ocrx_word' id='word_1_300' title='bbox 321 4194 513 4256; x_wconf 87' lang='lat' dir='ltr'><strong>sufficienter.</strong></span> <span class='ocrx_word' id='word_1_301' title='bbox 572 4193 666 4255; x_wconf 86' lang='lat' dir='ltr'><strong>Nunc</strong></span> <span class='ocrx_word' id='word_1_302' title='bbox 684 4193 724 4254; x_wconf 86' lang='lat' dir='ltr'><strong>de</strong></span> <span class='ocrx_word' id='word_1_303' title='bbox 751 4191 855 4255; x_wconf 90' lang='lat' dir='ltr'><strong>Poetis</strong></span> <span class='ocrx_word' id='word_1_304' title='bbox 881 4191 955 4254; x_wconf 91' lang='lat' dir='ltr'><strong>volo</strong></span> <span class='ocrx_word' id='word_1_305' title='bbox 980 4189 1097 4274; x_wconf 88' lang='lat' dir='ltr'><strong>aliquid</strong></span> <span class='ocrx_word' id='word_1_306' title='bbox 1123 4188 1227 4252; x_wconf 86' lang='lat' dir='ltr'><strong>dicero</strong></span> 
     </span>
    </p>
   </div>
   <div class='ocr_carea' id='block_1_3' title="bbox 102 4290 1228 4434">
    <p class='ocr_par' dir='ltr' id='par_1_10' title="bbox 102 4290 1228 4434">
     <span class='ocr_line' id='line_1_40' title="bbox 102 4290 1228 4376; baseline -0.001 -26"><span class='ocrx_word' id='word_1_307' title='bbox 102 4293 155 4351; x_wconf 91' lang='lat' dir='ltr'><strong>vel</strong></span> <span class='ocrx_word' id='word_1_308' title='bbox 174 4293 325 4356; x_wconf 72' lang='lat' dir='ltr'><strong>scriberet</strong></span> <span class='ocrx_word' id='word_1_309' title='bbox 383 4304 415 4355; x_wconf 88' lang='lat' dir='ltr'><strong>ot</strong></span> <span class='ocrx_word' id='word_1_310' title='bbox 434 4295 478 4356; x_wconf 86' lang='lat' dir='ltr'><strong>sie</strong></span> <span class='ocrx_word' id='word_1_311' title='bbox 496 4305 544 4361; x_wconf 79' lang='lat' dir='ltr'><strong>est</strong></span> <span class='ocrx_word' id='word_1_312' title='bbox 564 4293 617 4356; x_wconf 88' lang='lat' dir='ltr'><strong>hic</strong></span> <span class='ocrx_word' id='word_1_313' title='bbox 637 4313 734 4370; x_wconf 83' lang='lat' dir='ltr'><strong>unus,</strong></span> <span class='ocrx_word' id='word_1_314' title='bbox 771 4293 826 4376; x_wconf 90' lang='lat' dir='ltr'><strong>qui</strong></span> <span class='ocrx_word' id='word_1_315' title='bbox 846 4292 921 4356; x_wconf 82' lang='lat' dir='ltr'><strong>facit</strong></span> <span class='ocrx_word' id='word_1_316' title='bbox 940 4293 1100 4354; x_wconf 86' lang='lat' dir='ltr'><strong>Valerium</strong></span> <span class='ocrx_word' id='word_1_317' title='bbox 1123 4290 1228 4351; x_wconf 84' lang='lat' dir='ltr'><strong>Maxi-</strong></span> 
     </span>
     <span class='ocr_line' id='line_1_41' title="bbox 870 4399 1202 4434; baseline -0.003 1"><span class='ocrx_word' id='word_1_318' title='bbox 870 4399 872 4406; x_wconf 70' lang='grc'>’</span> <span class='ocrx_word' id='word_1_319' title='bbox 1114 4409 1118 4428; x_wconf 76' lang='lat' dir='ltr'><strong>t</strong></span> <span class='ocrx_word' id='word_1_320' title='bbox 1191 4402 1202 4434; x_wconf 69' lang='grc' dir='ltr'>δ</span> 
     </span>
    </p>
   </div>
   <div class='ocr_carea' id='block_1_4' title="bbox 0 0 1440 4722">
    <p class='ocr_par' dir='ltr' id='par_1_11' title="bbox 0 0 1440 4722">
     <span class='ocr_line' id='line_1_42' title="bbox 0 0 1440 4722; baseline 0 0"><span class='ocrx_word' id='word_1_321' title='bbox 0 0 1440 4722; x_wconf 95' lang='lat' dir='ltr'><strong> </strong></span> 
     </span>
    </p>
   </div>
  </div>
 </body>
</html>
