2872 4722
401 323 967 436 oasou'astvtaoa„
1167 340 1306 423 ‘nt'

104 511 185 572 clare
206 512 390 593 pro'v'ost'ra
409 513 570 590 doctrina,
584 515 637 575 aod
659 513 805 596 promitto
825 513 930 590 vobis,
966 516 1057 596 qaaod'
1069 527 1228 599 postquam

104 609 409 688 sum'benofioiatus,
430 614 509 675 siout
526 615 588 695 jam
608 616 712 676 insisti
732 635 790 696 pro
813 633 875 674 uua
897 614 1040 690 Vinaria,
1063 627 1143 677 tuno·
1155 619 1231 678 volo

105 709 198 770 semel
217 721 320 772 unum
339 711 490 772 honorent
510 715 673 795 specialem
694 714 796 776 faeere
817 714 913 774 vobis.
953 715 994 774 Et
1013 695 1150 776 scutatis
1169 714 1230 774 mi-

104 809 155 883 lii,
173 831 231 870 ·an
254 813 526 874 estnaceasarium
547 814 587 874 ad
607 825 763 876 amaruam
783 813 930 888 salutem,
972 815 1055 893 quod
1076 799 1230 874 scholares
1304 816 1306 824 '

105 909 227 972 discunt
239 909 500 978 lGrammatioam
515 933 555 972 ex
583 913 686 974 Poiitis
714 913 918 986 secularibus,
932 939 936 946 ·
956 912 1044 976 sicut·
1057 921 1113 974 est·
1123 913 1231 993 Virgi-

105 1006 182 1083 lius,
213 1009 357 1086 Tullius,
387 1010 527 1085 Plinius,
553 1021 584 1072 et
604 1012 682 1072 alii?
713 1012 846 1072 Videtur
866 1010 962 1084 mihi,
997 1011 1081 1091 quod
1102 1031 1165 1071 non
1187 1018 1232 1070 ost

104 1107 202 1168 bonus
223 1107 334 1168 modus
355 1107 506 1169 studendi.
549 1111 641 1189 Quia,
662 1120 697 1171 nt
716 1109 822 1171 scribit
839 1109 1147 1191 Aristoteles,·primo
1160 1111 1233 1170 Ma·-

104 1205 297 1285 taphysioao:
318 1209 421 1268 Multa
440 1208 773 1283 mentiunturPootae,
793 1209 847 1270 sed
867 1209 922 1288 qui
936 1207 1138 1283 mentiuntur,
1158 1227 1233 1290 poo-

105 1314 191 1378 tant,
213 1315 246 1366 et
268 1306 323 1386 qui
343 1307 477 1367 fundant
496 1305 632 1368 studium
652 1330 743 1370 snum
765 1328 858 1389 super
878 1307 1061 1382 mendaciis,
1099 1307 1232 1368 fundant

103 1403 186 1462 illud
207 1425 302 1486 super
323 1405 464 1487 peccatis.
524 1405 566 1467 Et
585 1404 731 1488 quicquid
752 1407 916 1468 fundatum
939 1415 984 1466 est
1007 1427 1100 1486 super
1123 1426 1232 1486 pacca-

103 1503 163 1576 tis,
184 1509 249 1566 non
270 1514 315 1564 est
337 1506 470 1578 bonum,
491 1507 545 1567 sed
565 1516 610 1566 est
630 1514 736 1569 contra
756 1507 893 1566 Deum:¹
905 1505 979 1586 quia
999 1505 1087 1564 Deus
1105 1515 1150 1565 est
1168 1503 1231 1564 iui-

104 1601 206 1660 micus
225 1604 365 1682 peccatis.
405 1605 468 1664 Sed
483 1605 517 1663 in
538 1605 662 1666 Postria
681 1614 753 1666 sunt
775 1605 946 1680 mendacia3
968 1612 1087 1681 etorgo
1108 1603 1162 1683 qni
1180 1603 1232 1664 ia·-

105 1699 231 1779 oipiunt
250 1723 335 1762 snam
357 1702 529 1764 doctrinam
549 1701 583 1775 iii
603 1703 741 1778 Postria,
779 1723 843 1764 non
872 1711 1001 1784 possunt
1027 1701 1177 1782 proficere
1193 1701 1232 1762 in

106 1799 280 1860 bonitate:
297 1801 366 1883 quia
388 1803 469 1862 mala
494 1803 585 1864 radia
605 1802 697 1864 habat
716 1823 810 1884 super
831 1802 1002 1862 ramulam
1023 1801 1165 1866 herbam,
1200 1808 1233 1862 ot
1334 1787 1339 1794 ¹

108 1897 196 1958 mals
222 1900 311 1960 arbor
335 1902 456 1982 profert
476 1903 591 1962 malum
623 1902 778 1976 fructum,
814 1902 984 1963 secundum
1016 1901 1231 1980 Evangelium,

107 1991 166 2057 ubi
185 1997 262 2058 dioit
280 1999 438 2062 Salvator:
472 2001 544 2062 Non
563 2012 608 2062 est
635 2003 727 2062 arbor
753 2003 849 2076 bona,
881 2021 960 2081 quau
989 2000 1064 2062 facit
1093 2001 1256 2061 fructum¹
1302 2058 1306 2064 .

106 2097 234 2158 mnam.
295 2101 398 2160 Etiam
419 2101 496 2160 bene
516 2101 616 2162 adhue
636 2121 773 2162 memoro
798 2102 885 2160 illam
915 2101 1103 2175 doctrinam,
1139 2119 1232 2181 quana

108 2197 295 2260 de'ditnsihi
316 2202 412 2261 semel
440 2201 586 2279 Magister
621 2211 725 2261 noster
742 2241 744 2248 ι
759 2200 797 2260 do
831 2199 1043 2278 Geltersheym
1078 2201 1113 2258 in
1142 2200 1233 2260 bursa

108 2296 241 2370 montis,
263 2299 396 2378 quando
411 2297 460 2359 fui
478 2319 551 2358 satus
572 2299 740 2378 discipulus
767 2308 798 2358 ot
817 2299 905 2359 volui
925 2299 1033 2359 audire
1054 2299 1231 2372 Salustium,

108 2406 139 2455 et
159 2396 258 2456 dixit:
282 2400 387 2476 Quare
406 2397 454 2458 tis
475 2397 592 2458 audito*
604 2397 786 2470 Salustium,
801 2407 843 2456 vtn
858 2396 1015 2467 disoholei
1058 2399 1148 2458 Tunc
1176 2417 1232 2476 ogo

104 2496 275 2576 respondi,
316 2495 397 2576 quod
416 2496 562 2576 Magister
586 2497 717 2556 loannes
748 2495 786 2554 de
806 2495 993 2556 Vratialavia
1013 2495 1108 2568 dixit,
1150 2494 1233 2573 quod

106 2594 261 2655 discimus
288 2594 368 2654 bona
395 2595 561 2656 dictamina
586 2595 693 2656 dacore
715 2615 754 2654 ex
774 2594 886 2654 talibus
905 2594 1017 2654 Poetis.
1058 2595 1148 2654 Tunc
1167 2593 1235 2673 ipso

107 2691 206 2754 dix'it:
236 2703 293 2754 «eat
313 2693 474 2772 fantasia:
503 2696 557 2755 aad
571 2703 627 2755 tw
642 2693 732 2754 debes
762 2694 840 2754 bauo
861 2693 1021 2754 advertere
1042 2692 1235 2774 inpartibus

107 2792 301 2866 Alexandri,
318 2821 332 2828 λ’
345 2803 376 2853 et
408 2789 561 2874 Epistulas
586 2793 710 2869 Caroli,
751 2814 829 2874 quao
860 2786 1067 2873 practicantnr
1087 2794 1131 2852 'in
1163 2792 1236 2852 aula

109 2891 410 2953 Grammaticorum:
431 2913 488 2974 ego
508 2913 667 2975 nunqnam
683 2893 789 2954 audivi
807 2893 1046 2966 salustium:
1057 2903 1159 2952 tamon
1171 2891 1235 2952 solo

110 2991 279 3051 dictamina
300 2991 553 3060 facero-metrica
581 3003 613 3056 et
638 2992 783 3074 prosaice.
842 2995 884 3053 Et
900 2993 945 3053 sio
967 2992 1113 3074 Magister
1131 3001 1237 3052 nostor

109 3091 297 3152 Valentinus
317 3091 413 3166 feeit,
443 3091 539 3172 'quod
560 3111 616 3172 ego
642 3102 800 3172 nunquam
819 3091 924 3154 studui
948 3092 983 3152 iu
1002 3091 1134 3153 Postria.
1195 3090 1237 3150 Et

109 3189 161 3251 isti
181 3187 476 3255 humauistaouuno
494 3199 609 3253 vexant
628 3212 678 3252 me
699 3212 769 3253 oum
788 3213 845 3252 auo
864 3212 956 3255 novo,
969 3193 1082 3253 Latino
1089 3225 1105 3265 ,·
1129 3199 1164 3250 et
1179 3210 1237 3250 an-

110 3290 247 3350 nihilant
266 3291 340 3350 illos
359 3300 478 3352 veteres
497 3291 613 3364 libros,
648 3281 880 3365 Alexandrum,
912 3293 1092 3370 Remigium
1099 3327 1110 3358 ,
1138 3290 1236 3348 Joan-
1289 3307 1290 3311 ¹

110 3411 179 3449 nem
191 3389 230 3448 de
248 3389 454 3458 Garlouclrs'u,
478 3393 656 3460 Cornutum,
679 3393 852 3468 Composita
866 3389 1036 3460 verborum,
1045 3411 1047 3416 ·
1057 3389 1237 3464 Epistulam
1318 3422 1321 3428 ·

110 3491 270 3570 Magistri
285 3489 387 3561 Pauli
404 3491 542 3562 Ninaia:
561 3499 608 3550 xot
626 3488 797 3559 dicunt-ita
815 3506 924 3566 magna
944 3485 1121 3560 mendacia,
1154 3485 1238 3565 quod
1293 3533 1295 3538 .

78 3605 80 3610 ·
111 3611 166 3668 ogo
184 3587 274 3649 ¹facio
294 3607 417 3648 crucem
436 3599 494 3668 pro
513 3608 592 3662 mo,¹
616 3588 738 3668 quando
764 3585 888 3658 audio,
916 3584 996 3646 sicut
1023 3603 1125 3664 nuper
1155 3603 1238 3644 uuna

111 3685 208 3749 dixit:
245 3685 333 3766 quod·
358 3696 403 3748 ost
428 3688 463 3746 in
488 3688 619 3767 quadam
648 3685 809 3766 provincia
835 3703 897 3744 una
916 3701 1025 3764 aqum
1048 3703 1127 3763 quaa
1147 3683 1239 3744 habet

110 3792 240 3847 arenam
261 3803 402 3860 auream,
437 3794 468 3846 et
487 3797 616 3848 vocatur
637 3787 755 3866 Tagus,
781 3793 830 3844 ot
852 3801 923 3861 ergo
950 3782 1085 3844 fistulavi
1110 3783 1238 3857 oooulto,
1347 3785 1348 3788 ’

111 3887 186 3966 quia
206 3895 281 3945 no'u⁴
294 3893 339 3944 est
366 3885 527 3966 possibile:
558 3884 805 3965 egosoiobene,
827 3883 1022 3962 quodetiam
1043 3880 1240 3956 ostisPoata,

111 3985 166 4045 sed
185 3984 352 4056 nouando,
385 3985 468 4046 undo
488 3984 610 4044 habetis·
627 3983 718 4042 illum
733 3991 840 4042 artam.
899 3981 964 4062 Ipsi
983 3980 1105 4055 dicunt,
1146 3981 1239 4061 quad,
1327 4008 1331 4014 ·

113 4085 239 4165 qnando
261 4083 373 4158 vultis,
394 4093 468 4143 tuuc
488 4079 589 4144 facitis
608 4084 701 4164 plura
721 4091 817 4144 metra
837 4081 871 4138 iu
894 4101 958 4164 una
977 4079 1070 4140 hora:
1098 4080 1242 4140 aedzcra-

115 4187 170 4259 do,
209 4182 294 4264 quod
314 4183 488 4244 intellectus
510 4193 613 4244 vester
640 4191 685 4243 est
707 4182 756 4242 *ita
785 4180 994 4254 illuminatus,
1032 4181 1240 4260 pergratiam

117 4285 252 4369 Spiritus
272 4280 369 4346 sancti
389 4283 536 4364 desuper,
570 4282 658 4364 quod
683 4281 765 4345 soitis
786 4281 841 4342 illa
860 4290 891 4342 ot
911 4280 1002 4356 alia,.
1029 4279 1103 4362 quia
1121 4300 1242 4362 semper
1351 4304 1353 4306 ·
1421 4253 1422 4330 ]
