2896 4716
230 347 327 440 aos,
593 317 989 407 arrsronan

164 487 170 505 ’
230 505 322 570 video
342 499 376 562 in
399 497 486 562 caius
508 507 629 573 restra,
666 517 744 577 quae
765 497 876 559 merito
896 509 1025 561 vocatur
1045 520 1134 562 causa
1154 499 1244 577 fidei,
1279 502 1355 583 quia

225 593 447 668 universaliter
469 597 627 658 concernit
646 595 738 656 fidem
760 597 965 658 christianam.
1012 601 1100 680 Ergo·
1119 602 1238 676 sciatis,
1269 603 1354 681 qnod

229 705 349 788 primo,
368 689 492 780 quando
512 696 586 757 veni
606 695 685 769 huo,
705 705 779 756 tunc
790 698 929 775 Magistri
952 695 1098 758 dixerunt
1117 697 1212 758 mihis
1265 701 1353 776 Quid

228 804 320 875 novi,
342 798 418 880 quid
439 797 532 869 novi,
551 793 700 875 Magister
719 794 880 874 Philippa,
901 795 977 875 quid
999 796 1074 855 novi
1098 797 1136 856 da
1156 798 1353 858 Colonia?-

177 963 183 988 ,
228 897 406 982 Respondi,
446 893 530 975 quod
556 893 638 953 nibil
665 891 740 953 novi
766 893 845 966 scio,
887 893 947 952 uisi
974 894 1057 974 quod
1079 894 1201 956 noviter
1220 897 1352 955 Domini

227 996 381 1074 Theologi
402 1006 433 1053 et
454 992 622 1071 inquisitor
641 991 812 1052 haereticae
831 991 989 1072 pravitatis
1016 993 1055 1051 de
1079 992 1198 1053 Ordine
1222 995 1352 1054 Praedi-

230 1109 366 1160 catorum
394 1093 625 1153 combusserunt
643 1110 742 1150 unum
762 1089 877 1150 librum
899 1089 1132 1165 haereticalcm,
1167 1087 1219 1171 qui
1240 1093 1351 1152 intitu-

227 1199 327 1260 latur:
342 1191 508 1274 Speculum
531 1189 654 1250 oculare
672 1189 799 1249 doannis
816 1187 980 1249 Renchliu.
1020 1189 1191 1271 Respondit
1203 1191 1351 1271 Magister

177 1317 178 1322 ’
227 1299 374 1360 Ecbertus
395 1291 433 1349 da
454 1288 600 1361 Harlem,
635 1288 692 1369 qui
710 1299 755 1346 est
775 1287 826 1347 vir
841 1287 946 1347 doctus
969 1299 999 1347 et
1018 1290 1150 1368 probus,
1182 1298 1212 1347 et
1234 1288 1349 1348 debetis

228 1395 307 1458 mihi
328 1389 469 1460 credere,
490 1387 572 1466 quod
586 1407 649 1447 non
667 1398 711 1446 est
730 1385 875 1466 partialis.
914 1387 984 1465 Ipse
1003 1387 1098 1446 dixit:
1123 1387 1207 1447 Bene
1227 1388 1350 1447 audivi-

228 1492 297 1556 mus
319 1491 389 1561 hic,
421 1486 504 1569 quod
526 1485 758 1545 combusserant
775 1485 866 1544 illum
879 1485 1013 1562 librum3
1039 1485 1203 1548 sedetiam
1224 1485 1349 1545 audivi-

171 1607 174 1610 ·
228 1615 311 1667 mus,
339 1586 422 1670 quod
441 1605 506 1644 non
528 1584 629 1643 debite
648 1593 679 1645 et
700 1583 781 1662 justa
803 1584 894 1642 modo
915 1596 1128 1664 processerunt
1147 1584 1182 1644 in
1200 1585 1255 1643 illa
1268 1591 1349 1644 *ctu-

226 1707 277 1768 sa,
316 1699 348 1748 at
367 1684 586 1746 commiserunt
605 1681 775 1740 maximam
795 1682 988 1756 scandalum,
1015 1684 1088 1761 quia
1106 1703 1163 1742 nos
1182 1683 1234 1742 bic
1255 1683 1347 1742 etiarn

226 1791 362 1855 vidimus
390 1785 484 1844 talem
511 1781 645 1854 librum,
689 1789 720 1839 et
744 1799 809 1838 non
830 1780 953 1839 videtur
974 1780 1072 1854 nobis,
1092 1781 1174 1861 quod
1194 1779 1348 1840 haeretica

225 1876 361 1976 pravitas
374 1883 462 1943 inest.
504 1879 565 1940 Sed
586 1878 668 1960 quod
689 1888 734 1938 est
753 1877 860 1957 majus,
883 1875 1039 1960 'I'lieolog'g
1055 1879 1206 1940 dedorunt
1225 1888 1348 1938 senten-

224 1992 311 2063 tiam,
332 1983 455 2066 quaudo
476 1999 566 2040 causa
584 1977 736 2058 pendebat
755 1976 789 2036 in
810 1977 905 2037 Curia
916 1977 1064 2051 Romana,
1086 1978 1347 2038 assuetissimus

226 2072 379 2150 commisit
395 2082 482 2141 illam
503 2078 620 2138 duobus
640 2073 870 2149 cardinalibus,
901 2085 931 2136 et
953 2066 1109 2138 mandavit
1128 2077 1286 2136 silentium
1307 2096 1346 2134 ex

225 2201 356 2267 utraque
378 2189 474 2262 parte.
536 2175 596 2235 Illo
615 2194 679 2233 non
701 2173 837 2232 obstante
858 2173 1009 2255 Theologi
1035 2159 1232 2236 colonienses
1250 2175 1347 2234 ‘com-
1433 2207 1434 2266 p

176 2323 178 2334 ·
223 2289 390 2349 busserunt
418 2277 544 2338 librum.
604 2275 694 2334 Tunc
722 2271 808 2347 dixi,
853 2273 934 2352 quod
965 2275 1106 2336 fecerunt
1125 2274 1200 2334 baec
1219 2285 1348 2355 propter
1433 2277 1434 2308 ⁴

224 2381 451 2447 Parrhisienses
482 2386 512 2436 et
548 2371 622 2433 alias
656 2381 787 2452 quatuor
819 2371 1000 2445 Unisitatas,
1042 2392 1119 2452 quae
1146 2383 1218 2433 sunt
1240 2385 1347 2433 contra

218 2480 389 2546 'Reuchlin
429 2472 600 2554 Respondit
613 2470 759 2549 Magister
774 2469 941 2531 Ecbertus:
972 2471 1118 2531 Etiamsi
1138 2472 1242 2532 dacem
1266 2473 1345 2532 Uni·

224 2583 384 2646 versitates
403 2583 502 2638 essent
517 2583 625 2631 contra
645 2569 734 2627 illum
752 2569 935 2643 Doctorem,
968 2583 1070 2630 tamen
1092 2571 1265 2632 debuerunt
1283 2593 1346 2630 esse

225 2680 402 2742 obedientes
421 2675 549 2732 Summo
568 2667 725 2741 Pontifici,
753 2677 897 2746 tanquam
916 2669 1009 2750 capiti
1024 2669 1184 2729 Ecclesiae.
1203 2671 1347 2751 Respon-

225 2769 275 2852 di,
295 2771 377 2857 quod
390 2769 615 2853 praesumitur,
634 2766 716 2846 quod
737 2775 782 2825 tot
794 2767 1014 2828 Universitates
1034 2779 1098 2828 non'
1117 2781 1228 2829 errant
1281 2770 1347 2828 Ra-

225 2875 350 2959 spondit
368 2871 454 2952 ipse,'
473 2868 554 2948 quod
573 2865 643 2926 talis
663 2865 853 2944 praesumtio
875 2885 938 2925 non
958 2869 1056 2943 valet,
1092 2878 1123 2928 et
1144 2886 1216 2948 ergo
1238 2868 1346 2927 creda·
1432 2857 1433 2862 ¹

225 2978 264 3037 tia
279 2966 373 3044 mihi,
404 2969 491 3049 ,quod
511 2966 594 3026 istud
622 2966 779 3044 negotium
810 2964 934 3025 habebit
954 2968 1069 3026 malurn
1089 2967 1191 3026 finem.
1254 2969 1346 3026 'Pano

225 3095 290 3134 uon
311 3067 397 3131 volui
418 3065 549 3146 amplius
569 3065 774 3145 respondere,
797 3062 849 3122 sed
873 3065 953 3124 dixi:
980 3062 1138 3139 sitasvcl
1152 3065 1186 3140 b,
1209 3073 1265 3145 eg'o
1279 3084 1346 3125 non
1432 3057 1433 3128 ζ

226 3183 308 3231 curo.
351 3169 449 3249 Ergo,
472 3162 606 3225 Domine
619 3163 767 3236 Ortuine,
789 3161 913 3222 notifico
934 3164 1020 3224 vobis
1038 3165 1126 3238 talia,
1149 3164 1232 3245 quod
1242 3163 1347 3224 velitis
1432 3219 1433 3242 ,

226 3291 289 3330 esse
311 3279 431 3337 cautus,
462 3261 534 3344 quia
555 3264 666 3334 timeo,
694 3261 944 3341 quadrententia
966 3263 1026 3322 erit
1046 3274 1151 3324 contra
1171 3281 1241 3337 vos,
1271 3263 1346 3342 quia

224 3371 307 3450 Papa
330 3377 373 3431 est
393 3351 503 3438 iratus,
525 3375 556 3421 et
573 3362 601 3422 ei
621 3362 712 3420 etiam
733 3361 849 3419 Romae
869 3361 996 3441 perditis
1014 3358 1117 3437 litem,
1142 3372 1216 3422 tunc
1236 3361 1346 3422 diabo-
1432 3347 1433 3354 ἵ

186 3545 190 3556 ⁴
224 3464 273 3528 lua
294 3465 409 3527 tenebit
430 3463 596 3525 candelam.
657 3459 889 3520 Rostocbieuses
909 3469 980 3520 sunt
1001 3461 1105 3541 magui
1122 3453 1244 3520 inimici
1266 3461 1345 3519 Par·-

224 3566 443 3628 rhisiensium:
475 3559 699 3626 Patrhisionses
727 3557 842 3620 habent
869 3579 965 3618 unum
986 3567 1148 3644 ttatutum,
1176 3558 1264 3639 qnod'
1278 3578 1345 3618 nou

224 3667 380 3746 accipiunt
401 3663 438 3723 ad
461 3659 636 3720 facultatem
656 3677 742 3717 suam
763 3655 924 3736 Magistros
943 3657 1191 3731 Rostochienses,
1212 3657 1346 3742 sedvos

224 3760 420 3848 famescitis,
446 3759 521 3842 quid
543 3756 658 3819 debetis
673 3756 783 3819 facere.
825 3755 1013 3820 Commendo
1027 3757 1188 3822 merobis.
1225 3757 1343 3818 Datum

223 3864 368 3930 Rostook.

325 4028 486 4108 Magister
505 4021 670 4102 Adolplrua
694 4021 862 4100 Klingesor
886 4023 935 4083 M.
966 4021 1099 4092 Ortuino
1120 3993 1239 4084 Oratio.

227 4169 231 4178 “
307 4162 419 4223 Salutis
438 4171 556 4222 tantum
576 4158 617 4219 sit
634 4159 677 4219 M
692 4159 840 4248 Ortuinp,
867 4171 1013 4238 quantum
1033 4179 1096 4220 non
1117 4169 1216 4240 potest
1237 4155 1344 4222 iubar

224 4262 313 4322 litera
328 4269 424 4335 stare,
453 4260 630 4322 stauratius
650 4277 713 4335 non
734 4266 833 4340 potest
851 4268 990 4340 portare,
1015 4269 1046 4320 et
1061 4277 1152 4320 nemo
1171 4267 1271 4340 potest
1291 4257 1343 4318 di-
