2866 4724
332 369 652 468 jessous.
700 371 930 432 virson.
1150 371 1214 458 317

87 523 222 604 spectat?
265 527 356 604 Mag.
382 524 449 584 Ort.
500 525 549 585 Ad
578 525 853 592 illuminatissimus
873 537 902 586 et
922 526 1121 586 zelosissimos
1143 521 1234 590 Ma-'

88 624 196 701 gistros
213 638 349 699 nostros,
372 625 424 704 qui
446 611 546 684 sciunt
566 637 693 704 arguere
713 629 823 707 praet
844 635 957 684 contra.
992 627 1122 686 Reuehl.
1158 631 1214 689 Ju-

86 723 182 800 piter,
204 724 279 802 quid
298 725 376 782 istuc
397 735 457 794 est,
480 724 629 782 Erasme?
657 735 765 806 putant
786 725 837 785 isti
856 726 1037 798 nebulones,
1065 727 1214 807 eloquenf-

87 821 160 879 tiam
184 841 221 880 eo
243 842 307 881 esse
329 823 412 896 fato,
441 831 475 881 ut
494 822 592 881 eidem
616 823 761 906 conjungi
781 833 913 906 nequeat
933 843 1085 882 sacrarum
1107 825 1214 888 litera·

85 939 156 978 rum
178 921 335 1000 cognitio?
396 924 487 1000 Mag.
501 923 583 998 Lep.
603 923 729 983 ‘Videte
749 923 863 996 adhuc,
885 922 1038 1001 quomodo
1060 923 1120 1003 ipsi
1142 933 1214 983 sunt

85 1020 159 1078 boni
181 1018 365 1093 Christiani,
388 1008 532 1100 quoniam
555 1022 684 1081 veniunt
705 1021 805 1081 adbuc
827 1021 912 1100 loqui
928 1022 972 1078 ‘de
988 1023 1071 1081 Jove.
1092 1025 1213 1081 Erasm.
1252 1068 1253 1073 ι

86 1119 168 1180 Audi
190 1117 386 1198 imperitiam.
448 1120 579 1180 Beris-bl.
606 1120 696 1178 Rode
726 1129 756 1179 et
778 1131 893 1200 agreste
915 1121 1031 1200 vulgus.
1092 1121 1213 1180 Erasm.
1251 1167 1253 1176 .

85 1217 229 1277 Cervices
252 1217 377 1275 cerebro
395 1237 517 1278 vacuae.
545 1219 674 1276 Reucbl.
703 1219 803 1295 Quam
826 1219 903 1277 bene
918 1219 1021 1278 idiotis
1040 1219 1213 1298 imponunt.

84 1320 207 1376 Erosm.
228 1317 293 1376 Vix
312 1325 394 1376 corte
415 1317 499 1394 digni
520 1317 597 1375 mibi
620 1318 775 1390 videntur,
797 1317 851 1396 qui
871 1317 1063 1380 elementarii
1085 1318 1214 1378 dicide-

83 1418 188 1476 beant.
223 1415 352 1475 neustr.
389 1415 504 1475 Hercle
524 1415 798 1476 suntindoctiorea
818 1411 990 1476 Philonide.
1010 1422 1100 1498 Mag.
1117 1420 1213 1498 Ging.

83 1517 154 1589 Ho,
179 1515 259 1594 quod
280 1514 340 1594 ipsi
360 1526 431 1575 strat
451 1515 554 1594 magni
567 1515 704 1588 domini,
725 1517 795 1594 quia
816 1515 1040 1605 dicunt'grossa
1056 1521 1160 1592 verba,
1183 1529 1214 1580 et

83 1635 149 1674 non
169 1612 387 1694 intelligibilia.
428 1617 549 1674 Erasm.
571 1614 716 1673 Obscuris
737 1614 839 1674 verbis
860 1617 1001 1676 utimur?
1041 1623 1131 1698 Mag.
1146 1620 1212 1678 Ort.
1254 1605 1256 1608 ¹
1359 1625 1377 1648 ·“

86 1715 205 1773 Omnes
225 1714 303 1772 bene
316 1712 433 1774 vident.
470 1717 565 1793 Mag.
582 1715 664 1791 Lep.
683 1713 755 1773 Non
777 1723 821 1772 est
843 1735 921 1774 unus
938 1719 1039 1792 solus,
1069 1719 1122 1798 qui
1141 1739 1215 1800 pose·

85 1813 124 1872 sit
143 1812 317 1890 intel-ligere
338 1811 415 1886 boe,
437 1811 593 1892 quadros
614 1811 722 1872 dicitis.
763 1813 892 1872 Ileuckl.
914 1816 983 1874 Non
1006 1837 1045 1876 err
1065 1817 1129 1892 liis,
1159 1819 1212 1900 qui

53 1941 57 1946 ·
84 1909 272 1971 suntsvcstri
292 1913 418 1990 peeoris·
431 1911 597 1972 Arcadici?
624 1913 714 1990 Mag.
735 1912 828 1990 Giug.
865 1914 945 1973 Vide
966 1915 1085 1976 adhuc:
1115 1919 1213 1978 Arca-

85 2010 167 2069 dici:
189 2009 343 2088 quidhoc
364 2011 535 2091 significat?
570 2010 631 2090 ipsi
651 2011 763 2070 volunt
784 2011 886 2070 tacere
908 2013 1056 2076 divinare.
1089 2018 1212 2076 Erasm.
1283 2011 1292 2020 ”

84 2108 236 2181 Nescitis,
270 2109 344 2187 qnid
364 2109 403 2170 sit
423 2109 579 2170 Arcadia?
614 2110 725 2168 multos
745 2109 812 2168 illie
831 2110 948 2171 habetis
969 2113 1088 2173 fratres.
1123 2119 1213 2196 Mag.

88 2208 157 2266 Ort.
183 2207 256 2267 Non
278 2209 425 2267 habemus
445 2221 561 2268 vestras
581 2208 701 2274 febres,
737 2217 768 2268 et
794 2211 945 2286 quomodo
965 2232 1020 2270 nos
1042 2215 1151 2289 'sumus
1173 2217 1212 2274 de

86 2307 227 2367 Colonia.
269 2307 397 2366 Reucdl.
438 2307 580 2381 Erasme',
615 2327 670 2368 nos
690 2306 873 2382 deliramus,
909 2310 1004 2370 verba
1023 2321 1127 2372 nostra
1146 2333 1211 2374 non

86 2405 221 2486 capiunt.
250 2409 341 2484 Mag.
359 2407 441 2483 Lup.
462 2407 524 2466 Sed
541 2426 598 2486 per
619 2415 751 2466 vestram
771 2401 879 2466 fidem!
901 2407 1006 2469 dicatis
1026 2411 1123 2481 mihi,¹
1137 2411 1212 2492 quid
1273 2415 1282 2428 “

85 2505 259 2585 indigemus
281 2505 320 2564 de
339 2515 442 2566 vestra
462 2505 637 2565 latinitate?
656 2507 776 2564 Erasm.
797 2505 861 2566 Nos
881 2527 973 2582 vero,
999 2495 1073 2588 quid
1093 2522 1211 2571 vestros

86 2623 228 2664 curamus
241 2587 469 2665 barbarismos?
490 2607 579 2682 Mag.
591 2603 686 2682 Ging.
708 2597 830 2666 Barba?
844 2607 974 2666 Reuobl.
998 2609 1210 2682 soloecismos,

86 2703 113 2762 si
133 2702 288 2765 mavultis.
328 2707 418 2782 Mag.
433 2703 499 2762 Ort.
518 2702 629 2765 Adhuc
648 2702 767 2776 melius,
788 2703 848 2784 ipsi
867 2725 930 2766 non
950 2685 1060 2770 volunt
1079 2721 1143 2768 esse
1159 2709 1212 2768 in·
1270 2718 1274 2729 ¹

85 2801 210 2862 tellecti.
232 2802 361 2863 Reoebl.
381 2801 553 2878 Vadamus,
571 2799 714 2863 Eraame!
735 2813 770 2861 tu
790 2803 895 2878 vides,
917 2805 1016 2866 surdis
1036 2805 1210 2885 loquimur3

86 2901 139 2961 isti
155 2897 305 2982 lMagistri
328 2900 428 2962 nostri
455 2900 536 2962 nihil
568 2900 694 2980 dignum
712 2901 803 2962 laude
823 2901 1013 2994 existimant,
1046 2906 1108 2966 nisi
1128 2905 1211 2986 quod

88 3021 207 3060 meram
228 2999 400 3060 barbariem
421 2999 566 3060 redoleat.
586 3002 706 3060 Erasm.
726 2999 855 3076 Eamus,
878 3003 983 3064 saltem
996 3004 1129 3064 Febrem
1141 3007 1211 3064 Sta-

87 3099 250 3186 pulensem
273 3097 459 3194 quaesituri,
479 3111 515 3159 ut
534 3117 598 3160 nos
601 3098 742 3180 adjuvet.
762 3104 854 3180 Mag.
866 3101 948 3179 Lep.
970 3101 1212 3178 Adducatis,ad-

88 3197 207 3260 ducatis
226 3185 317 3258 nobis
337 3185 492 3258 modicum
512 3207 649 3260 vestrum
667 3198 812 3275 Fabrum,
834 3209 864 3262 et
883 3201 966 3280 quod
985 3202 1089 3262 veniat
1107 3201 1211 3261 adde·

88 3296 278 3360 tendendum
298 3317 368 3356 suas
387 3307 450 3358 tres
469 3297 594 3358 Marias.
613 3303 703 3379 Mag.
720 3301 816 3380 Ging.
858 3299 1098 3362 Fabricaveruut
1115 3320 1210 3379 super

87 3389 216 3458 doraum
237 3415 341 3457 meum
360 3407 544 3477 peccatores,
562 3398 617 3457 sed
636 3419 692 3458 nos
710 3397 926 3459 fabricavimus
946 3417 1039 3478 super
1059 3419 1126 3458 suas
1140 3417 1211 3478 spa-

89 3495 176 3556 tulas.
211 3495 342 3556 Reuohl.
364 3495 475 3558 Verbis
496 3482 668 3577 temperare
686 3515 820 3577 nequeo,
842 3515 941 3576 neque
960 3505 1064 3556 tamen
1083 3516 1222 3577 respon--

90 3595 163 3655 dere
184 3595 301 3670 audeo,
320 3615 362 3655 ne
381 3615 422 3656 ex
441 3595 570 3656 stultis
560 3615 682 3656 insanos
701 3595 822 3656 faciam.
864 3597 983 3654 Eresos.
1018 3595 1084 3656 Hos
1104 3593 1211 3654 missos
1297 3601 1301 3607 '

89 3693 237 3754 faciainus
255 3695 419 3775 tantisper,
467 3693 565 3754 donee
591 3694 727 3756 subsidio
752 3693 840 3754 nobis
866 3693 1001 3754 adfuerit
1020 3691 1211 3754 doctissimus

89 3792 441 3854 illebaber.1ieuebl
460 3793 545 3854 Heus
564 3803 619 3866 tu,
641 3792 829 3879 Philosophe
848 3794 964 3860 Faber,
986 3789 1210 3860 satvaaber.

88 3887 198 3954 Salvos
218 3911 275 3953 vos
293 3912 361 3952 esse
383 3901 463 3974 opto.
486 3895 629 3971 Quonam
648 3901 750 3973 pacto
757 3911 806 3952 res
829 3901 927 3952 vestra
946 3890 1068 3972 agitur?
1087 3891 1247 4006 Erasm.

88 3994 174 4052 Bene
194 4013 282 4066 saue,
302 3991 394 4052 modo
414 3991 526 4054 valeas
547 3991 622 4051 Feb.
655 3989 807 4102 Equidem
827 3991 934 4065 valeo,
956 3989 1048 4050 modo
1073 3991 1151 4051 bene
1171 3961 1247 4049 sit

87 4089 205 4151 vobis.
247 4093 335 4168 Quae
356 4109 444 4151 causa
464 4111 519 4153 vos
532 4089 593 4154 huc
609 4089 749 4165 advexit,
770 4089 832 4152 viri
853 4088 1040 4151 doctissimi?
1081 4088 1210 4148 Reucbt.

89 4189 192 4265 Audi,
214 4199 246 4250 et
264 4189 550 4272 paucisiutelligea.
589 4189 675 4250 Inter
696 4189 913 4250 ambulandum
933 4187 1121 4270 reperimus,
1139 4207 1210 4246 nes·

89 4289 136 4350 cio
153 4309 249 4370 quos,
282 4288 467 4370 palllotenus
486 4288 658 4370 Theologos
678 4303 708 4349 et
727 4289 888 4370 Magistros
908 4301 1044 4362 nostros,
1081 4286 1214 4366 quinos
