2896 4716
209 329 287 394 204·
388 333 390 344 '
572 327 970 394 EPISTOLAE
1085 369 1087 376 ‹

206 507 265 568 per
284 484 366 546 ridet
386 492 417 544 et
435 481 712 560 vexatheologos
734 491 766 542 et
782 483 944 564 Magistros
964 487 1097 550 Artium.
1158 490 1229 570 Ipse
1249 490 1333 554 dixit
1389 503 1391 510 '

206 587 243 646 in
261 603 382 654 mensa,
417 580 451 640 iu
480 600 543 640 uuo
565 579 716 660 hospitio,
753 581 791 640 ad
821 583 973 660 quendam
1000 587 1096 648 alium
1122 589 1331 664 nobilitatem,

207 683 292 763 quod
310 681 345 741 iu
366 679 422 738 illo
444 677 496 738 die
514 677 637 757 scripsit
648 698 742 736 unam
761 678 884 742 literam
904 682 942 742 ad
962 684 1052 744 illum
1068 686 1235 747 Comitem:
1256 697 1334 750 tune

206 777 366 862 respoudit
382 776 438 836 ille
458 775 646 847 nobilitatis,
666 775 741 854 quid
754 786 856 838 tamen
877 779 1009 842 scribitis
1029 782 1068 843 ad
1088 781 1245 842 invicem?
1267 785 1334 844 Re·

206 877 331 961 spondit
344 875 414 934 ille:
449 873 531 953 quod
559 872 648 932 debet
673 874 776 934 faeere
802 896 942 956 magnam
967 878 1157 960 diligentiam
1178 881 1214 942 iu
1242 901 1334 940 eausa

205 977 296 1053 fidei,
310 984 341 1048 et
360 972 450 1042 debet
468 971 608 1032 laborare
623 991 680 1050 pro
695 969 849 1040 Reuehlin
863 987 969 1038 contra
985 975 1169 1056 theologos,
1190 997 1231 1036 ue
1244 999 1333 1038 eom-

206 1078 319 1142 buraut
334 1071 502 1150 Speculum
523 1070 663 1142 oculare,
691 1080 721 1126 et
740 1071 822 1145 quod
843 1076 975 1134 multum
997 1075 1223 1136 commendavit
1239 1079 1269 1136 ei
1280 1079 1333 1137 lo-

207 1191 319 1234 annem
341 1168 515 1244 Reuchlin,
538 1176 680 1243 tanquam
702 1185 807 1245 parem
828 1191 936 1231 suum:
977 1184 1009 1231 et
1030 1192 1084 1252 ego
1104 1172 1195 1246 moui,
1218 1193 1259 1232 ne
1273 1193 1334 1232 no-

120 1272 122 1281 '
201 1280 303 1343 taret,
324 1267 495 1348 quodsum
517 1265 621 1324 fautor
641 1273 750 1324 vester.
790 1267 832 1326 Et
851 1281 1014 1348 propterea
1036 1270 1105 1329 dico
1128 1263 1334 1349 vobis,'quod

206 1390 271 1431 nou
292 1377 337 1428 est
355 1367 488 1438 bouum,
509 1366 536 1422 si
556 1364 613 1422 iste
633 1361 723 1422 debet
743 1384 807 1424 esse
826 1367 1015 1447 Episcopus:
1040 1367 1096 1428 sed
1114 1388 1220 1448 spero.
1247 1367 1333 1446 quod

206 1489 272 1528 nou
285 1475 330 1526 est
341 1483 459 1524 verum.
499 1463 580 1541 Ergo
599 1460 736 1518 scribatis
756 1461 835 1522 mibi
854 1466 1030 1539 veritatem,
1052 1475 1082 1524 et
1095 1467 1195 1525 valete
1210 1486 1229 1524 a
1240 1467 1332 1544 plan-

124 1602 129 1614 ι
206 1577 239 1628 ta
260 1563 346 1646 pedis
366 1581 463 1638 usque
478 1560 516 1620 ad
537 1559 684 1624 verticem
703 1559 828 1642 eapitis,
855 1561 935 1626 sicut
956 1561 1031 1623 dicit
1050 1563 1163 1624 Esaias.
1213 1565 1331 1626 Datum

207 1662 453 1728 inurbeRoma.

443 1823 575 1884 Ioannes
593 1821 728 1882 Holekot
745 1825 793 1884 M.
816 1823 950 1886 Orruiuo
973 1823 1095 1884 Gratio.

290 1958 545 2022 Amioabilitatem
568 1975 625 2036 pro
645 1957 761 2027 saluta,
790 1958 1024 2046 excellensvir,
1064 1955 1179 2038 Aesopi
1199 1957 1332 2042 literam,

207 2083 299 2143 quam
321 2056 506 2137 compilastis
524 2057 560 2114 in
578 2055 721 2127 Colonia,
751 2065 782 2116 et
800 2056 928 2130 notetis,
953 2056 1036 2136 quod
1056 2057 1126 2116 talis
1152 2056 1249 2116 litera
1269 2056 1333 2117 luit
1442 2059 1443 2114 3

208 2159 373 2240 compilata
390 2156 425 2216 in
446 2155 498 2215 die
517 2155 548 2214 S.
568 2153 775 2232 Margaretae3
809 2168 839 2214 et
868 2176 923 2236 ego
951 2155 1055 2236 accepi
1080 2175 1147 2216 eam
1172 2154 1331 2214 indies.
1442 2145 1443 2204 i

204 2253 450 2328 Bartholomaei‚
470 2262 500 2312 et
511 2251 633 2331 quando
646 2253 751 2332 accepi
770 2273 853 2327 eam,
874 2264 949 2317 tune
969 2253 1049 2313 dixi:
1073 2253 1102 2312 O
1119 2252 1250 2320 diabole,
1273 2251 1334 2310 ista

206 2361 298 2420 litera
318 2366 363 2416 eat
383 2355 438 2414 ‹liu
458 2353 586 2431 scripta,
609 2361 643 2410 et
659 2351 812 2411 Dominus
826 2352 977 2413 Ortuinus
1000 2350 1149 2412 irascetur
1168 2350 1266 2418 mihi,
1301 2359 1334 2410 et

207 2467 307 2538 potest
326 2454 444 2515 dioere:
488 2449 644 2528 Quoniam
670 2450 728 2508 iste
755 2462 800 2509 est
824 2451 993 2530 superbus,
1036 2458 1066 2510 et
1085 2468 1149 2510 uon
1167 2449 1334 2529 respondet

206 2556 295 2618 mibi.
354 2552 438 2632 Ergo
457 2560 529 2630 peto
550 2549 816 2614 venerabilitatem
838 2558 990 2622 vestram,
1022 2547 1105 2629 quod
1125 2547 1261 2608 habeatis
1280 2568 1334 2607 me

66 2659 70 2684 ¹
188 2651 400 2724 ‚excusatum
430 2659 463 2710 et
480 2669 545 2710 non
565 2647 680 2707 debetis
699 2647 855 2720 dubitare,
884 2647 967 2726 quod
987 2665 1051 2706 uon
1070 2655 1115 2706 est
1133 2646 1184 2706 ita.
1248 2645 1335 2724 Quia

206 2773 263 2818 uos
283 2750 405 2831 putatis,
426 2747 509 2826 quod
530 2746 578 2806 fui
599 2745 699 2804 adhuc
717 2745 752 2805 in
766 2745 884 2817 Caesel,
912 2729 950 2804 el
962 2744 1073 2824 hospes
1093 2764 1198 2818 meus,
1232 2765 1335 2824 quan-

206 2853 247 2910 do
268 2849 385 2927 accepit
407 2866 490 2918 eam,
511 2844 595 2906 misit
617 2843 697 2904 mihi
714 2856 820 2924 postea
839 2843 879 2902 ad
899 2843 1074 2922 Margburg.
1114 2843 1156 2904 Et
1168 2844 1218 2903 ¹sic
1231 2827 1334 2905 traria-

207 2948 282 3008 sivit
302 2945 435 3010 multum
455 2954 576 3022 tempus
583 2983 593 3016 ‚
622 2943 694 3024 quia
714 2952 784 3002 antu
804 2962 872 3004 sum
893 2941 927 3001 iu
944 2942 1127 3024 Margburg,
1162 2951 1193 3002 et
1208 2960 1334 3004 resumo

208 3048 285 3116 duos
305 3045 433 3124 juvenes
453 3042 647 3102 domicellos:
683 3040 805 3120 quaudo
829 3059 901 3120 ergo
920 3040 1014 3100 vultis
1036 3039 1116 3100 mihi
1134 3041 1240 3100 literas
1258 3039 1337 3098 mit·
1441 3057 1442 3110 ᾗ

145 3183 147 3189 ·
180 3157 288 3222 dere,
312 3142 426 3204 debetis
438 3133 488 3200 eas
500 3140 651 3200 destinare
662 3139 733 3198 buo.
768 3140 809 3199 Et
827 3122 968 3198 intellexi
982 3159 1000 3196 a
1020 3138 1126 3214 uobis,
1149 3139 1232 3219 quod
1247 3157 1336 3196 conr-
1441 3151 1442 3192 ;

207 3243 325 3325 ponitis
348 3261 403 3302 seu
430 3239 602 3320 practicatis
631 3258 729 3298 uuum
754 3239 921 3298 notabilem
946 3237 1060 3296 librum
1066 3279 1076 3312 ‚
1117 3256 1208 3317 quem
1236 3235 1336 3296 vultis

208 3342 382 3404 intitulare:
399 3320 550 3400 Defensio
562 3337 688 3398 loannis
699 3337 897 3398 Pt'efferkoru
916 3345 1021 3396 eontra
1034 3337 1179 3408 famosas,
1190 3346 1228 3402 ,et
1237 3333 1336 3394 vultis

209 3461 281 3502 eum
302 3441 374 3500 dare
392 3439 432 3500 ad
451 3439 685 3518 impressum,
707 3445 737 3496 et
757 3435 899 3501 scribitis,
919 3433 1003 3512 quod
1023 3454 1087 3495 non
1107 3433 1202 3496 vultis
1212 3451 1336 3512 ponere

207 3559 322 3602 nomen
344 3547 499 3608 vestrum,
535 3547 566 3594 et
582 3534 739 3614 cogitatis,
771 3534 853 3612 quod
879 3541 924 3592 eat
951 3531 1061 3592 melius
1081 3531 1241 3593 intitulare
1260 3551 1336 3590 cum

207 3639 335 3702 nomine
353 3637 478 3698 loannis
490 3634 702 3705 Pfefferkorn,
725 3631 1006 3712 quiaPlefferkorn
1019 3649 1084 3690 non
1096 3630 1285 3704 cerauriia,
1304 3639 1337 3688 et

208 3759 272 3800 non
294 3737 383 3796 timet
401 3736 549 3795 loannem
564 3731 720 3792 Reueblin
738 3741 768 3792 et
780 3751 852 3790 suos
865 3727 1076 3804 cohaerentes,
1091 3729 1120 3789 si
1141 3729 1260 3790 vellent
1273 3727 1337 3786 ali÷

208 3831 285 3918 quid
306 3853 490 3914 componere
515 3841 623 3892 eontra
642 3848 723 3890 eum.
775 3830 837 3890 Sed
858 3829 931 3889 volo
952 3827 1038 3890 vobis
1058 3849 1156 3888 uuum
1176 3827 1263 3888 alind
1284 3826 1337 3886 di-

209 3955 288 4000 cere.
317 3932 427 4010 Quid?
446 3929 638 3992 eiReucltliu
648 3929 776 3988 diceret:
804 3928 898 3987 Eceei
917 3927 1117 3988 Pfefferkorn
1127 3927 1337 3986 uouseitLa-
1422 3907 1430 3920 ⁸

199 4035 329 4112 tinum,
367 4049 439 4110 ergo
459 4049 526 4092 non
547 4037 645 4110 potest
665 4026 833 4107 compilare
852 4025 940 4086 talias
969 4026 1022 4094 sed
1043 4026 1196 4106 Theologi
1215 4025 1251 4084 in
1271 4024 1336 4086 Co.-
1440 4019 1441 4094 J

208 4131 321 4203 Ionia,·
332 4137 364 4190 et
376 4127 528 4198 Ortuinus
536 4169 545 4201 ,
566 4127 620 4207 qui
633 4135 683 4188 eet
689 4127 786 4186 Poeta
800 4145 907 4184 eorum
915 4165 924 4198 ,
947 4135 1136 4205 componunt
1155 4125 1230 4186 tales
1244 4143 1336 4182 scan-

211 4227 576 4310 dalizationea,etpoatea
590 4224 922 4315 dicontzfoefferkoru
931 4223 1063 4305 scripsit,
1083 4244 1140 4284 noe
1160 4223 1337 4302 uonserip-
