2840 4718
430 298 841 388 'ursnoous
1128 333 1231 399 ’ῶν

100 473 212 535 cebant
230 484 264 538 te
283 475 535 540 concionatores?
576 483 639 541 Iul.
661 481 707 544 Ab
729 481 793 544 illis
813 483 938 566 quidam
958 483 1060 562 nihil,
1081 487 1143 577 nisi
1161 511 1230 552 me-

100 595 150 634 ras
170 575 293 652 laudea,
313 578 490 640 audiebam:
514 579 681 661 phaleratis
700 584 804 645 verbis
827 605 895 645 mea
916 588 1081 667 praeconia
1101 589 1229 652 detona-

80 674 188 748 bant,
206 697 255 737 me
270 678 377 740 Iovem
398 679 532 740 fulmine
553 681 779 756 concutientem
800 684 913 760 omnia,
933 707 984 746 me
1003 707 1114 748 verum
1129 691 1230 769 quod·

99 773 172 834 dam
193 796 310 837 numen
333 799 397 838 essa
416 779 633 860 praedicabant
641 795 655 840 ε·
669 782 824 862 publicam
847 784 929 844 orbis
945 786 1084 859 salutem,
1106 789 1229 870 aliaque

99 873 133 934 id
153 897 250 956 genus
269 879 432 959 permulta.
474 883 545 942 Pet.
566 880 632 940 Nec
648 881 746 942 miror
763 905 846 958 sane,
867 885 988 946 nullum
1004 887 1149 962 extitisse,
1173 889 1230 970 qui-

99 984 130 1034 te
153 977 309 1052 condiret,
330 997 399 1036 cum
414 988 451 1039 tn
470 979 514 1038 sal
535 1000 612 1040 esses
632 981 766 1041 insulsus
788 989 818 1042 et
843 983 957 1044 fatuus.
996 985 1076 1044 Nam
1097 988 1131 1047 id
1150 1010 1227 1069 pro-

98 1077 203 1155 prium
223 1078 383 1157 apostolici
402 1078 465 1139 viri
484 1099 614 1152 munus,
629 1069 715 1160 salios
735 1081 845 1142 docere
863 1083 1032 1158 Christum,
1052 1086 1147 1168 idque
1167 1110 1228 1170 pu·
1297 1099 1300 1103 ’

97 1175 230 1262 sissima.
277 1177 340 1237 Iul.
362 1178 435 1238 Non
456 1176 557 1266 aperis
575 1177 695 1258 igitur?
744 1183 815 1241 Pet.
844 1182 952 1244 Cuivis
970 1183 1090 1264 potius,
1125 1182 1242 1265 'quam'

98 1275 272 1356 tali1pesti.
330 1277 421 1337 Nam·
439 1267 496 1338 nui
526 1265 651 1357 quidem
682 1297 789 1340 omnes
824 1271 1083 1345 excommunicati
1112 1305 1229 1346 sunnis.

99 1375 161 1435 Sed
179 1375 228 1434 vis
248 1374 412 1438 consilium
434 1395 497 1437 non
522 1378 652 1452 malum,
680 1364 782 1439 habes*
802 1399 929 1443 manum
957 1382 1122 1445 hominum
1148 1396 1237 1448 stre-·
1262 1415 1266 1419 ·

96 1495 249 1552 nuornm3
269 1474 362 1536 habes
382 1477 545 1558 pecuniam
565 1457 765 1538 immensam:
785 1499 817 1539 es
837 1481 904 1562 ipse
926 1482 1024 1542 bonus
1039 1483 1227 1556 aedificator,

97 1587 208 1636 extrue
229 1575 288 1634 tibi
307 1585 424 1640 novum
445 1577 579 1657 aliquem
599 1577 786 1658 paradisum,
805 1579 861 1638 ssd
878 1581 981 1660 proba.
996 1584 1163 1659 munitum,
1184 1606 1226 1645 ne

96 1675 193 1754 possit
213 1676 513 1738 acacodaemonibas
534 1677 714 1761 expugnari.
753 1679 823 1738 Jut.
843 1679 910 1738 Imo
931 1680 1054 1758 faciam,
1076 1685 1159 1762 quod
1176 1707 1227 1746 me

95 1776 226 1854 dignum
247 1784 309 1852 est3
329 1775 452 1857 operiar
471 1749 595 1837 mansei
606 1776 743 1855 aliquot,
770 1788 810 1853 et,
830 1762 925 1838 edetis
948 1781 1045 1861 copiis
1066 1783 1162 1857 meis,
1192 1783 1227 1845 vi

96 1877 265 1937 deturbabo
288 1895 340 1936 vos
360 1877 466 1952 istinc,
493 1876 610 1938 nisiin
632 1877 820 1938 deditionem
839 1878 981 1938 veniatis.
1020 1881 1131 1962 Neque
1142 1883 1228 1944 enim

96 1977 223 2044 dubito,
254 1973 331 2054 quin
350 1978 440 2038 brevi
461 1978 523 2039 sint
544 1978 584 2037 ad
604 1983 693 2036 me'e
713 1978 865 2038 bellorum
887 1980 1037 2058 stragibus
1068 1981 1228 2060 sexaginta

94 2075 259 2138 hominum
274 2077 372 2137 millia
389 2089 606 2158 perventum,
629 2079 702 2140 Pet·
723 2075 894 2155 Opcsietu!
918 2098 937 2136 ο
958 2079 1101 2156 miseram
1125 2083 1227 2142 eccle-
1298 2133 1301 2140 Α

94 2177 188 2237 siam!
229 2175 292 2238 Sed
319 2177 412 2252 heus,
441 2176 556 2242 Genie!
583 2179 655 2238 narn
675 2183 776 2236 tecum
798 2175 892 2270 magis
917 2177 994 2236 libet
1020 2178 1225 2254 confabulari,

96 2297 188 2358 quam
210 2295 281 2336 cum
302 2275 360 2336 isto
373 2277 540 2337 deterrimo
558 2288 706 2338 monstro.
750 2276 827 2336 Gen.
840 2275 936 2353 *Quid
950 2272 1018 2336 est?
1061 2279 1132 2338 Pet.
1144 2281 1226 2340 Sunt

94 2376 269 2436 istiusmodi
304 2367 416 2435 caeteri
447 2375 578 2456 quoque-
597 2374 769 2462 Episcopi?
824 2375 901 2434 Gen.
930 2377 1015 2434 Bona
1037 2395 1109 2456 pars
1130 2379 1226 2458 hujus

95 2487 140 2538 cst
159 2476 297 2555 farinae,
313 2493 423 2538 verum
442 2473 497 2536 ¹hio
512 2474 657 2563 ,omnium
679 2475 902 2556 antesignanus.
944 2477 1014 2538 Pat-
1036 2472 1090 2540 ,Tu
1108 2478 1226 2538 videli-

94 2589 141 2636 cet
161 2576 321 2637 hominem
342 2574 381 2633 ad
401 2583 449 2634 tot
469 2574 608 2636 excitasti
627 2573 765 2656 flagitia?
811 2575 886 2634 Gen.
905 2576 971 2654 Ego
992 2573 1138 2650 minime,
1160 2577 1225 2638 imo

93 2677 171 2736 adeo
200 2675 437 2757 praecurrebat,
477 2684 515 2734 ut
542 2675 609 2754 ipsc
629 2675 685 2736 vix
714 2674 770 2736 alis
793 2663 915 2734 adiutus
947 2674 1067 2754 assequi
1093 2696 1225 2755 possem.

93 2780 164 2838 Pet.
186 2777 267 2837 Sane
286 2772 352 2836 non
372 2774 480 2850 miror,
500 2773 529 2834 si
547 2773 611 2833 huc
630 2769 694 2834 tam
713 2773 806 2854 pauci
815 2772 1010 2834 adveniunt:
1031 2793 1102 2834 cum
1115 2775 1226 2856 hujus·
1282 2809 1287 2816 κ

92 2877 180 2936 modi
206 2885 306 2958 pestes
343 2874 487 2966 ecclcsiae
517 2873 731 2954 gubernaculis
761 2873 928 2949 assideant,
972 2875 1224 2955 quandoquidem
1274 2881 1276 2886 ’
1368 2867 1369 2870 “

91 2978 205 3058 vulgus
222 2986 379 3057 utcunque
396 2965 563 3036 sanabilem
585 2993 659 3052 csse,
678 2974 731 3036 vel
748 2971 823 3032 hinc
843 2971 992 3044 aoniicio,
1015 2975 1098 3054 quod
1114 2975 1153 3034 ob
1173 2997 1226 3036 so·

91 3078 160 3136 lum
177 3074 338 3152 pontificis
357 3075 483 3149 titulum
508 3083 595 3154 ‚tans
624 3093 753 3160 spurcae
781 3072 902 3160 cloacae
935 3073 1038 3134 defert
1059 3075 1222 3142 honorem.

95 3175 273 3248 Gencllem
294 3176 392 3258 ipsam
413 3165 502 3234 dicis
519 3169 782 3254 έὸἅῖὲὼᾶιιᾶῑιω
803 3147 1006 3268 inlinit‘tlsilii
1020 3193 1108 3234 meus
1121 3176 1224 3260 impe2

91 3277 195 3356 rator}
217 3289 247 3338 et
266 3275 410 3338 baculum
430 3269 553 3353 movet,
573 3272 679 3360 itaque
700 3273 779 3336 vale.
811 3272 835 3304 '¹'
951 3293 966 3304 ·’
981 3368 990 3392 ἑ
