2866 4724
395 341 941 421 ossannrtuou.
1040 372 1059 380 -
1167 344 1237 414 arr.
1336 344 1343 360 s

95 493 197 572 milis,
217 495 275 578 qai
290 483 362 558 'rem
384 497 502 558 habetis
524 517 594 560 cum
617 497 746 569 diabolo,
789 497 852 560 Sed
871 508 1004 562 transeat
1022 498 1082 560 hoe
1094 520 1164 560 cum
1176 473 1239 582 ief'

94 596 256 669 verentia,
297 615 356 677 ego
375 595 474 657 habeo
496 597 549 658 hic
570 589 668 673 nuum
687 597 825 660 notabile
843 609 994 678 punctum
1014 599 1228 676 Nigromantia

95 715 183 768 cum,
204 696 289 775 quod
309 697 397 758 vobis
416 687 551 756 libenter
570 696 734 762 manifeste
753 696 937 774 scriberem3
971 697 1026 766 aed
1046 719 1102 778 ego
1121 700 1236 773 timeo,-

96 795 197 873 quod‚
227 795 350 874 quando
373 795 443 854 estis
467 794 512 854 ita
532 797 676 869 insanas,
698 805 774 856 tunc
793 795 928 856 famulas
946 806 1048 856 vester
1067 810 1168 876 posset
1186 799 1228 857 it-

94 895 155 953 lam
178 895 348 973 Epistolam
370 894 531 966 invenire,
569 907 600 956 et
621 895 646 954 si
669 896 802 975 legeret,
833 906 908 956 tunc
930 894 1070 958 diabolus
1090 896 1226 956 confuu—

95 993 184 1052 deret
205 1014 255 1051 me
277 1003 307 1052 et
327 1013 414 1052 eum:
449 1003 479 1052 et
497 1013 574 1073 ergo
593 994 667 1054 volo
680 995 848 1054 secundum
863 994 1116 1054 consuetudinem
1126 991 1225 1055 meam

95 1093 217 1166 lacere,
234 1085 335 1172 ¹quia,
367 1091 489 1172 quando
510 1091 610 1152 habeo
628 1092 674 1152 sic
694 1093 815 1173 aliquid
834 1097 1002 1162 secretum,
1031 1101 1105 1152 tune
1126 1092 1226 1153 scribo

95 1213 190 1270 super
210 1211 362 1271 papyrum
382 1192 451 1250 sine
471 1200 658 1265 atramento,
687 1201 718 1251 et
737 1201 814 1252 tunc
830 1213 922 1252 nemo
942 1192 1001 1252 scit
1019 1193 1143 1270 legere,
1164 1191 1227 1252 nisi

95 1290 133 1348 sit
156 1283 356 1370 illegitimus(
409 1291 450 1349 Et
469 1307 541 1371 ergo
560 1311 597 1350 eo
618 1311 690 1350 casu
708 1291 743 1350 in
764 1292 1008 1374 praesentiarum
1030 1291 1118 1352 vobis
1134 1290 1236 1352 etiam·

94 1389 220 1446 decrevi
237 1389 348 1448 facere.
390 1389 431 1448 m
443 1402 487 1448 est
496 1390 575 1449 illud
586 1402 752 1470 punctum,
773 1400 809 1452 ut
822 1391 961 1470 sequitur
972 1389 1009 1468 ἢ.

178 1487 294 1561 Credo,
317 1486 400 1568 quod
419 1487 497 1546 bene
518 1488 714 1548 intellexistis
734 1509 803 1563 me,
824 1488 951 1549 ethaeo
971 1499 1016 1550 est
1036 1489 1170 1551 veritas:
1191 1499 1227 1552 ‘et

94 1584 244 1662 prohibeo
257 1585 363 1658 vobis,
394 1599 428 1644 -et
447 1584 579 1664 conjuro
598 1607 654 1648 vos
673 1607 731 1666 per
750 1589 898 1648 virtutem
919 1589 1058 1649 omnium
1078 1588 1225 1648 scientia-

93 1703 167 1741 rum
187 1683 432 1762 prohibitarum,
455 1684 539 1764 quod
558 1688 715 1746 neminem
737 1686 880 1746 doceatis
921 1689 962 1748 Et
982 1687 1027 1746 sic
1045 1688 1153 1748 valete.
1174 1687 1225 1759 Ex

93 1781 292 1859 Resppreolrta
308 1784 379 1845 Aua
442 1785 480 1843 In
497 1784 589 1847 'brevi
607 1786 698 1867 plura
720 1783 918 1868 expectabitis
938 1805 957 1848 a
975 1795 1076 1850 meet
1095 1786 1224 1864 majora,
1296 1837 1297 1846 ,

93 1880 119 1938 si
139 1880 197 1940 illa
217 1881 392 1960 placuerint
411 1882 509 1944 uobis.

156 2099 206 2161 M·
227 2098 368 2161 Abraam
396 2099 501 2173 Isaac,
530 2097 569 2156 ‹le
590 2099 695 2175 Stirpe
722 2097 917 2170 Aminadab,
955 2100 1003 2162 M
1029 2098 1165 2158 Orestae

577 2197 688 2259 Gratia
710 2199 742 2255 S.

176 2345 333 2412 Malarum
363 2345 716 2428 bonarumque'artium
736 2345 900 2426 Magister!
942 2345 1025 2404 Sciat
1052 2343 1226 2414 dominatio

92 2454 210 2516 vestra,
252 2445 336 2524 quod
357 2465 412 2527 ego
433 2446 507 2510 volo
528 2445 590 2524 jam
611 2445 682 2506 satis
703 2445 806 2516 facere
835 2444 992 2529 promissis
1016 2445 1109 2518 meis,
1150 2444 1224 2527 quia

89 2543 223 2622 promisi
243 2563 336 2622 super
356 2554 489 2610 vestram
512 2529 710 2625 petitionem,
750 2546 873 2624 quando
903 2543 1028 2614 euobis
1049 2543 1160 2602 recessi
1183 2559 1226 2610 ert.

90 2642 242 2714 Colonia,
265 2641 347 2728 quod
367 2644 440 2702 volo
462 2643 552 2714 vobis
570 2643 715 2708 continue
730 2643 882 2712 novitates
901 2641 1043 2710 scribere.
1091 2641 1131 2698 Et
1151 2650 1223 2699 ante

90 2742 198 2802 omnia
217 2741 350 2804 libenter
370 2739 542 2816 haberetis,
568 2742 650 2826 quod
671 2740 863 2808 notificarem
883 2739 970 2802 vobis
990 2740 1028 2810 de
1044 2739 1100 2800 illo
1119 2748 1222 2802 astuto

87 2840 207 2901 Jurista
227 2842 343 2906 Joaune
364 2839 536 2913 Reuchlin,
570 2861 639 2908 cum
662 2861 723 2920 quc
743 2841 890 2920 Magister
911 2849 1015 2900 noster
1036 2840 1162 2910 Iacobus
1183 2837 1222 2897 de

87 2943 278 3020 Hogstraten
300 2940 430 3004 multum
452 2938 546 3004 habet
574 2939 608 3000 iu
629 2940 725 3006 Curia
752 2949 880 3024 propter
905 2937 999 3006 fidem
1020 2938 1224 2997 tractandum.

85 3043 157 3100 Hoc
180 3058 237 3118 ego
259 3040 331 3102 tolo
353 3038 457 3104 facere
476 3059 516 3100 ex
538 3038 687 3120 singulari
708 3038 882 3108 dilectione.
924 3040 1016 3110 Tunc
1035 3038 1135 3098 sciatis
1154 3035 1237 3118 pri-s

87 3160 140 3198 mo
162 3137 261 3220 (quia
281 3158 335 3218 ego
357 3137 394 3204 ab
416 3137 536 3216 origine
557 3139 666 3196 mundi
685 3137 772 3198 vobis
794 3139 898 3208 omnia
919 3137 1076 3218 pandam).
1112 3137 1222 3224 Quan-

87 3240 128 3298 do
151 3257 210 3316 ego
231 3237 342 3302 recessi
362 3239 396 3298 in
418 3237 526 3300 diebus
547 3235 770 3301 canicularibus
790 3256 897 3305 versus
917 3239 1048 3308 Romam
1069 3233 1121 3312 <ut
1140 3235 1221 3292 bene

85 3337 215 3412 scitis),
261 3346 336 3394 tuno
364 3335 483 3404 nullam
513 3333 661 3414 majorem
688 3335 860 3417 passionem
887 3335 983 3402 habui
1010 3353 1103 3414 super
1125 3340 1222 3390 totam

85 3436 192 3507 viam,
227 3433 306 3507 nisi,
347 3434 430 3512 quod
457 3434 718 3504 marrimandum
746 3454 813 3510 mo,
835 3423 974 3512 ¹quando
1002 3431 1123 3498 ascendi
1143 3429 1221 3490 altos
1247 3497 1251 3504 k

85 3542 210 3595 montes
237 3534 272 3598 in
298 3532 410 3612 Algois
435 3523 505 3606 cum
533 3534 610 3596 meis
638 3533 737 3593 sociis.
799 3533 840 3594 Et
859 3532 982 3614 quando
1001 3530 1075 3590 veni
1095 3529 1134 3588 ad
1155 3527 1221 3588 Cu-

84 3637 187 3706 riam,
229 3633 329 3696 factos
357 3652 425 3700 sum
455 3653 562 3702 servus
597 3631 765 3713 corporalis
796 3617 890 3706 unius
921 3628 1093 3696 cardinalis
1122 3645 1222 3717 prope

84 3737 242 3813 Campum
262 3732 353 3798 flore:
397 3744 428 3790 et
449 3732 498 3800 fai
519 3732 650 3794 servitor
672 3753 745 3791 suus
766 3743 834 3789 octo
855 3730 1024 3802 mensibus,
1063 3747 1132 3786 cum
1153 3745 1221 3782 ma-

82 3855 147 3912 gna
170 3831 332 3912 diligentia
349 3852 407 3912 pro
427 3819 491 3900 uno
503 3832 660 3910 'beneficio
682 3839 786 3904 curato
799 3830 834 3888 in
845 3827 1116 3896 Kclbartzhausen‚
1137 3819 1221 3902 quod

82 3933 166 4014 jecet
187 3932 222 3990 in
243 3931 501 4022 Vollenbergeusi
522 3931 669 4005 dioecesi,
698 3943 729 3992 et
749 3929 915 4012 impetravi
933 3946 1027 4008 super
1048 3924 1108 3985 hoc
1125 3940 1235 3984 uuam·

152 4195 177 4262 ¹)
196 4197 229 4246 In
252 4167 305 4247 der¹
317 4194 544 4264 Originaledition
557 4193 676 4246 befindet
693 4193 751 4246 sich
768 4193 839 4260 eine,
862 4189 933 4254 wohl
947 4189 1024 4241 seehs
1037 4189 1137 4254 Finges
1150 4183 1222 4236 breit
1267 4228 1272 4234 .
1290 4169 1292 4178 1

86 4281 196 4344 starke,
212 4279 320 4339 Liicke,
339 4281 367 4332 in
385 4281 484 4334 welche
498 4279 718 4365 avahrscheinlieh
733 4279 778 4330 die
789 4266 910 4330 Zeiclteri
919 4273 1142 4341 hincingehc'iren.
