2872 4722
397 291 934 354 nassourrnou.
1105 293 1220 367 ,ιιι
1283 313 1286 318 ·
1374 261 1384 288 ’

99 443 230 518 fuerint,
239 442 412 518 sivcbasso,
424 445 489 507 sive
500 427 783 520 ecclesiastico,sive
791 446 954 506 mundano.
972 447 1084 527 ¹Nuper
1092 447 1140 508 lui
1150 449 1221 507 Mo-

98 544 224 624 gontiae
238 544 276 602 in
297 554 368 603 actu
387 544 463 612 illo,
484 565 574 624 quem
590 547 822 606 celebraverunt
839 544 979 624 Magistri
999 549 1097 606 nostri
1117 556 1222 609 contre

99 641 275 718 Renchlin;
294 651 369 716 tunc
382 643 478 702 eatibi
490 643 613 722 quidam
620 645 853 704 Praedicatorin
862 663 993 711 srrmmo,
1010 645 1115 722 quiest
1124 645 1231 721 Magi,

90 733 160 800 vsttrr
172 750 295 814 noster,
311 751 469 821 promotus
478 762 512 802 m
523 742 744 822 Heidelberga,
776 752 806 802 et
820 751 952 804 vocatur
973 741 1223 814 Bartholomaeus

101 839 291 911 Zebendcr,
305 839 402 898 latine
422 840 629 914 Decimarius,
650 841 704 900 ille
722 839 921 921 publicavit
912 861 946 899 ιιι
968 841 1113 914 ambone,
1141 839 1224 919 quod

101 936 245 996 homines
266 937 412 998 deberent
424 938 589 999 convenire
609 938 648 997 ad
668 950 859 1052 sequentem,
883 939 1048 1030 stridere,
1070 921 1223 1020 quomodo

104 1037 274 1115 Speculum
296 1037 430 1097 Oculare
441 1038 694 1110 combureretur,
717 1039 790 1119 quia
809 1039 875 1125 ipse
896 1015 1037 1118 putabat,
1058 1037 1141 1149 quod
1160 1055 1224 1103 non

104 1146 179 1196 esset
209 1135 374 1216 possibile,
402 1135 485 1214 quod
510 1136 626 1196 Doctor
648 1135 802 1222 Reucblin
832 1147 933 1217 posset
961 1136 1103 1206 invenias
1130 1155 1224 1195 unam
1257 1193 1259 1200 ,

104 1233 276 1308 fallaciam,
305 1233 387 1314 quod
409 1233 487 1307 illud
508 1255 572 1293 non
591 1233 688 1295 fieret
729 1215 820 1296 'func
847 1257 927 1296 unus
952 1234 1069 1308 socius,
1093 1233 1159 1313 qui
1181 1243 1225 1293 est

104 1334 164 1408 1b1,
188 1347 220 1393 et
240 1333 363 1407 dicunt,
385 1333 466 1411 quod
490 1344 534 1392 est
553 1334 665 1407 Poeta,
686 1333 878 1408 circumivit,
899 1343 940 1394 et
948 1333 1110 1394 seminavit
1129 1331 1227 1414 persi-

37 1511 40 1516 *
104 1453 171 1492 mos
192 1417 348 1492 sermones
368 1441 473 1490 contra
493 1431 682 1511 praedictum
704 1433 884 1510 Magistrum
904 1441 1079 1506 nostrum,
1083 1442 1113 1492 et
1127 1453 1226 1512 quan-

105 1533 145 1592 do
167 1531 308 1593 obviarit
328 1530 373 1604 ei,
406 1539 479 1588 tuno
508 1530 626 1610 aspexit
653 1551 724 1590 eum
748 1541 871 1612 aspectu
898 1531 1061 1627 draconico
1082 1540 1113 1590 et
1131 1549 1226 1590 vene-
1256 1605 1258 1610 Ι

104 1651 197 1697 noso.
237 1632 278 1690 Et
297 1629 375 1690 dixit
394 1615 533 1708 publice:
555 1629 624 1709 Iste
636 1629 830 1691 Praedicator
849 1651 913 1708 non
934 1641 979 1691 est
997 1631 1122 1713 dignus,
1143 1626 1226 1714 quod

105 1731 203 1790 debet
225 1729 327 1788 sedere
353 1714 392 1787 in
417 1747 536 1812 mensa,
572 1728 626 1787 nbi
650 1729 756 1788 sedent
775 1730 865 1809 probi
886 1728 966 1803 viri,
1006 1728 1078 1809 quia
1102 1746 1226 1808 possum

105 1829 255 1910 probare,
275 1827 353 1907 qnod
372 1837 560 1908 estnequam
581 1815 611 1886 et
631 1828 807 1907 pultronus,
828 1829 900 1908 quia
920 1831 955 1890 in
975 1831 1105 1892 ambone
1121 1826 1230 1908 quc-

106 1909 324 1989 clesiavestra
349 1946 451 1986 eoram
482 1923 566 1985 omni
593 1927 710 2008 populo
737 1929 881 1990 mentitus
911 1941 955 1987 est
986 1938 1092 1988 contra
1113 1926 1248 1986 famam,

106 2028 203 2086 unius
224 2025 400 2111 encellentis
420 2023 497 2098 viri,
531 2036 561 2083 et
581 2024 658 2108 dixit
678 2027 732 2085 illa
744 2040 759 2100 ,'
793 2047 870 2106 quae
891 2046 955 2086 non
975 2037 1047 2087 sunt
1069 2015 1165 2098 lacta,
1198 2031 1229 2082 et

107 2126 320 2207 praetenditur
341 2123 421 2196 dici,
442 2143 482 2182 ex
499 2122 616 2184 invidia
635 2124 783 2185 tribulant
801 2126 894 2184 istum
914 2126 1030 2185 bonum
1050 2126 1228 2195 Doctorem,
1258 2177 1259 2182 ,

109 2235 139 2285 ot
153 2225 320 2305 appellant
332 2243 401 2282 eum
422 2221 548 2282 bestiam
572 2233 602 2282 ct
622 2244 743 2297 canem,
765 2233 795 2284 et
815 2207 1008 2301 dixitquod
1027 2222 1131 2280 nullus
1145 2221 1228 2280 Pha-

107 2325 224 2385 risaeus
244 2342 381 2403 unquam
401 2320 509 2380 fuisset
527 2321 572 2380 ita
592 2322 781 2401 nequitiosus
802 2331 833 2382 et
851 2321 991 2396 invidus3
1012 2329 1042 2378 et
1056 2319 1142 2378 venit
1160 2319 1230 2378 talis

108 2443 210 2490 sermo
232 2423 273 2482 ad
292 2421 480 2502 praedictum
500 2420 691 2500 Magistrum,
713 2407 828 2499 etipse
849 2421 1006 2479 excusarit
1026 2439 1058 2476 se
1077 2415 1232 2490 sufficione

108 2531 173 2596 ter,
195 2530 234 2580 ut
252 2505 333 2580 mihi
350 2519 488 2580 ridetur:
509 2520 596 2599 ,quia
612 2519 717 2593 uixit,
740 2518 837 2598 quod,
858 2515 997 2597 quamvis
1018 2535 1083 2576 non
1104 2514 1231 2573 combu-

108 2631 176 2680 stus
196 2628 242 2678 est
260 2619 425 2693 ille‘liber,
453 2628 556 2678 tamen
575 2616 711 2678 fortassis
732 2618 928 2678 comburetur
946 2614 980 2674 in
1001 2625 1173 2700 posterum3
1201 2619 1232 2670 et

110 2717 258 2800 allegavit
279 2718 467 2798 Scripturam
488 2720 610 2794 Sacram
631 2716 665 2776 in
693 2715 796 2776 multis
816 2715 968 2796 passibus,
981 2713 1070 2793 ·-quia
1098 2731 1162 2770 non
1188 2719 1233 2769 eat

111 2817 324 2892 mendacium,
347 2817 468 2898 quando
487 2816 597 2896 aliquis
619 2814 693 2876 dicit
711 2815 827 2895 aliquid
846 2836 903 2897 pro
923 2814 984 2874 fide
997 2797 1161 2874 catholica.
1193 2809 1233 2869 Et

113 2918 210 2992 dixit,
233 2906 317 2997 quod
340 2916 458 2991 Balini,
481 2925 510 2976 ct
530 2915 682 2974 Officioles
701 2915 846 2995 Episcopi
863 2915 1112 2992 Mogontinenscs
1133 2909 1233 2990 impe-

113 3019 260 3077 diverunt
281 2999 371 3076 illum
393 3015 509 3074 factum
531 3023 637 3072 contra
656 3033 778 3072 omnem
797 3014 1009 3092 aequitatem
1050 3010 1112 3070 Sed
1131 3008 1234 3068 homiss

113 3135 170 3176 nes
188 3116 336 3188 deberent
358 3114 476 3187 videre,
499 3112 572 3192 quid
593 3111 718 3192 posthac
740 3115 943 3196 contingeret,
964 3110 1037 3190 quia
1053 3110 1120 3189 ipse
1140 3109 1235 3168 vellet

115 3237 179 3274 esse
190 3213 364 3294 Propheta,
387 3213 473 3292 qnod·
487 3211 542 3271 illo
561 3212 641 3270 liber
659 3211 905 3285 combureretur,
926 3209 1044 3270 etiamsi
1063 3208 1234 3284 Imperator

116 3323 146 3372 et
159 3313 231 3372 Rex
249 3305 412 3384 Franciae,
435 3321 465 3369 et
485 3329 590 3369 omnes
606 3309 765 3390 Principes
778 3307 817 3368 et'
828 3311 930 3369 Duces
950 3313 1064 3376 starent
1078 3323 1134 3383 pro
1149 3305 1234 3361 Doc-

115 3420 183 3470 tore
203 3399 369 3469 Reucblin.
410 3407 606 3470 Taliavolui
625 3409 712 3468 robis
728 3407 915 3487 significare,
943 3417 979 3464 ut
996 3401 1099 3462 essetis
1119 3400 1235 3460 carisa·
1280 3421 1284 3431 ·

116 3521 182 3582 tus,
226 3518 258 3568 et
284 3527 361 3586 rogo
382 3527 451 3584 ros,
487 3506 570 3586 quod
597 3505 699 3566 velitis
726 3526 789 3565 esso
810 3501 975 3580 diligens
964 3523 999 3560 ιιι
1024 3497 1154 3580 negotiis
1181 3519 1235 3557 ve-

118 3608 206 3680 stris,
225 3623 268 3667 ne
287 3605 451 3667 incurratis
472 3605 669 3713 scandalum,
690 3617 721 3664 ct
741 3604 785 3664 sic
803 3603 911 3665 valete
968 3595 1114 3660 Datum'
1103 3615 1138 3656 ιιι
1159 3596 1238 3669 Mil-
1311 3601 1318 3620 '

118 3707 255 3786 tenberg.
863 3723 866 3728 ·

201 3873 336 3962 ΙΙῦιιίιον
355 3809 514 3944 Conrizdus
535 3870 771 3947 Dollenlcopfius
795 3869 842 3929 M.
856 3841 996 3925 ‘Ortuino
1019 3853 1136 3938 ¹Gratim
1235 3953 1239 3964 ¹

191 4006 341 4068 Salutem
370 4016 401 4067 et
420 4006 612 4067 devotionem
632 3986 839 4066 humillimam
861 4021 930 4061 cum
952 4000 1139 4084 orationibus
1162 4017 1240 4077 quo-
1335 4065 1337 4073 p

121 4101 247 4164 tidianis
266 4106 351 4186 apud
372 4106 542 4172 Dominum
559 4097 564 4188 ζ
572 4115 710 4166 nostrum
732 4107 834 4164 lesum
855 4100 1048 4161 Christuml'
1070 4097 1241 4161 Venerabi-

121 4203 161 4262 lis
180 4205 249 4282 vir,
271 4225 336 4268 non
359 4203 493 4266 babeatis
515 4203 703 4280 molestiam,
725 4204 808 4284 qnod
828 4201 926 4264 scribo
945 4199 1034 4262 vobis
1053 4199 1092 4260 de
1113 4195 1242 4276 negotiis

542 4333 560 4376 e
628 4331 634 4339 .
