2896 4716
10 449 13 554 t

10 559 12 590 l

383 264 674 370 'orsoors
716 307 944 370 viror.
1006 371 1016 394 ³
1170 309 1231 391 197

103 465 207 526 citare.
259 464 352 524 Tunc
369 463 463 524 hodie
482 462 603 544 scripsit
623 461 702 524 milri
715 480 816 524 unam
842 462 964 526 literam
992 463 1229 546 vituperativam

10 599 12 634 t
106 574 136 623 et
156 562 372 625 scandalisavit
391 583 440 624 me
461 563 547 642 quasi
565 562 737 626 Rusonem:
757 581 829 643 ergo
849 581 918 622 suns
939 565 982 622 ita
1003 563 1117 636 iratus,
1147 563 1229 642 quod

103 661 224 733 nescio,
247 652 321 740 quid
341 659 437 721 debeo
457 661 582 721 facere·
624 660 687 721 Sed
705 660 777 722 volo
798 661 846 722 ire
868 661 911 722 ad
932 661 1176 740 Gubernatorem
1199 676 1229 722 et

104 760 272 838 impetrare
293 775 389 846 unuqr
411 757 586 818 mandatum
615 759 654 818 de
673 758 821 839 capiendo
828 800 838 832 ,
873 760 948 839 quis
974 759 1031 818 iate
1058 758 1158 820 socius
1185 771 1230 822 est

106 856 185 916 mihi
203 851 361 936 suspeetu'o
382 857 420 916 de
441 857 522 936 fuga.
577 857 617 916 Et
635 856 756 937 quando
776 868 841 917 riou
857 857 952 918 mittit
973 856 1051 916 mihi
1069 857 1170 918 atatim
1188 859 1230 916 li-

106 956 196 1014 brum
207 997 217 1026 ‚
237 963 312 1014 tunc
332 955 459 1014 afferam
479 947 774 1016 famulos'Pariaelli
796 954 835 1016 ad
855 957 1071 1036 captivandum
1093 977 1178 1031 eum,
1199 967 1230 1016 et
1268 1024 1279 1044 N

104 1051 228 1111 mittere
253 1051 288 1110 in
307 1053 493 1127 Presunam,
533 1065 564 1112 et
583 1053 610 1112 si
630 1063 705 1116 tunc
727 1046 852 1114 habebit
879 1074 974 1118 unam
997 1053 1229 1134 Strapeoordam

106 1151 158 1212 vel
179 1149 271 1222 duas,
292 1151 392 1228 capiat
410 1151 487 1210 sibi:
529 1151 612 1229 Quia
631 1152 705 1212 volo
727 1171 799 1212 eum
819 1151 944 1225 docere,
966 1152 1120 1232 quomodo
1140 1151 1230 1211 debet

105 1235 212 1334 anum*
222 1248 468 1322 circumducere,
491 1261 522 1308 et
540 1270 604 1309 non
622 1259 728 1310 tenere
747 1249 950 1330 promissum:
971 1259 1002 1310 et
1023 1249 1151 1311 credatis
1168 1251 1230 1310 mi-

105 1344 141 1404 hi
160 1343 311 1418 firmiter,
339 1345 425 1425 quod
443 1348 516 1408 volo
538 1346 706 1406 rectificare
726 1347 817 1406 illum
837 1348 970 1424 socium3
1005 1349 1057 1408 rel
1078 1341 1230 1409 est'damss

105 1462 193 1517 aum,
214 1443 299 1520 quod
319 1443 410 1519 viro,
431 1443 504 1520 quia
520 1453 641 1522 oportet
660 1464 710 1504 me
731 1445 846 1506 habere
865 1447 958 1524 taleae
978 1446 1102 1506 librum.
1145 1447 1229 1524 Quia

104 1538 167 1616 jam
183 1558 267 1620 pono
282 1540 417 1600 studium
431 1561 534 1600 meam
546 1541 581 1600 in
594 1542 717 1614 ordine,
739 1551 770 1602 et
789 1543 851 1602 emi
872 1543 968 1604 libros
984 1543 1019 1604 in
1038 1544 1107 1624 jure
1115 1586 1124 1617 ,
1144 1552 1175 1603 et
1194 1544 1229 1603 irs
1333 1595 1335 1600 .
1368 1541 1372 1546 ’
1404 1546 1406 1552 ’

104 1636 195 1710 aliis,
229 1637 342 1696 vadens
361 1638 500 1716 quotidie
519 1650 652 1717 quatuor
671 1637 763 1698 horsa
783 1640 824 1698 ad
842 1640 1039 1722 sapientiam,
1075 1642 1228 1702 audiendo

103 1733 267 1807 instituta,
289 1734 545 1808 dialecticarum,
566 1745 596 1795 et
617 1735 709 1794 etiam
729 1735 763 1796 in
781 1738 855 1796 lure
876 1737 1054 1808 Canonico,
1074 1748 1105 1798 et
1124 1740 1229 1818 Regu-

103 1831 154 1890 laa
176 1831 399 1905 cancellariae,
436 1843 468 1892 et
487 1833 595 1894 inueni
621 1833 674 1894 hic
702 1854 801 1894 unum
828 1835 942 1896 librum
962 1837 1095 1898 multum
1115 1837 1233 1918 practi-v

105 1949 193 2002 cam,
215 1939 246 1988 et
266 1939 309 1990 est
329 1931 497 2008 excelleres,
518 1940 550 1990 et
568 1951 609 1990 ex
629 1953 667 1990 eo
687 1931 771 1992 diaco
792 1933 906 1994 multa:
935 1955 991 2016 ego
1011 1935 1117 2008 credo,
1147 1933 1230 2014 quod
1339 1939 1341 1944 '
1368 1964 1370 1973 ·

105 2027 140 2086 in
153 2028 298 2087 Almania
317 2049 383 2088 non
404 2027 522 2088 habetis
544 2048 630 2103 eum,
660 2029 726 2108 ipse
745 2039 790 2090 est
811 2030 983 2104 mirabilius
1010 2041 1041 2090 et
1068 2041 1114 2089 est
1139 2033 1229 2089 valde

105 2126 327 2199 declarativas,
350 2136 381 2187 et
394 2125 585 2210 intitulatur:
605 2165 625 2199 „
635 2128 732 2186 Casus
748 2127 836 2204 longi
849 2147 944 2204 anper
962 2130 1135 2200 institutis,
1147 2130 1168 2164 “
1200 2137 1230 2186 et

102 2226 253 2304 praelicat
271 2224 496 2304 pulcherrimas
515 2224 674 2297 materias,
697 2234 727 2282 et
746 2223 790 2282 ita
810 2223 966 2302 profunde
987 2223 1121 2284 declarat
1139 2223 1229 2284 insti-

102 2319 186 2396 t'uta,
227 2323 312 2402 quod
331 2343 420 2402 saepe
441 2321 553 2382 dividit
572 2341 669 2380 unum
690 2319 915 2400 paragraphum
938 2321 971 2380 in
991 2322 1097 2380 decem
1118 2330 1228 2400 partes,
1323 2340 1329 2356 ·

103 2431 134 2480 et
152 2420 298 2499 procedit
315 2441 371 2498 per
397 2421 522 2480 modum
544 2418 684 2498 Dialogi‚
724 2429 754 2476 et
780 2409 871 2476 etiam
894 2428 1041 2498 quantum
1064 2419 1103 2477 ad
1117 2417 1230 2476 ¹latini-

100 2528 202 2578 tatem
222 2517 315 2577 valde
336 2519 459 2597 elegans.
499 2517 571 2576 Non
592 2537 717 2596 possum
735 2515 822 2576 vobis
842 2516 992 2589 scribere,
1013 2529 1162 2600 quantum
1185 2523 1231 2574 est

101 2617 205 2688 utile,
227 2615 340 2676 habere
359 2619 448 2676 talem
468 2617 619 2690 librum3v
637 2615 691 2674 sed
711 2634 774 2674 non
796 2613 911 2674 debetis
934 2614 1035 2674 dicere
1055 2614 1175 2676 luristis
1196 2612 1231 2671 in

93 2713 250 2785 Colonia,
271 2713 342 2792 quia
362 2725 432 2776 sunt
453 2715 590 2775 fautores
603 2712 727 2797 loconis
747 2711 919 2785 Reuchlin,
942 2713 1014 2792 quia
1034 2713 1061 2772 si
1082 2713 1231 2772 habereut
1326 2713 1331 2718 “

102 2816 198 2875 illum
217 2813 351 2886 librum,
388 2813 483 2896 magis
508 2812 661 2872 subtiliter
683 2820 805 2890 possent
831 2811 1009 2890 practicare.
1069 2812 1133 2890 Ego
1152 2809 1243 2872 bene.
1270 2821 1275 2828 '
1308 2801 1312 2820 ⁸

103 2914 188 2985 acio,
222 2911 306 2991 quod
331 2931 395 2970 non
420 2911 538 2970 habetis
563 2910 710 2983 libenter,
751 2908 835 2989 quod
854 2909 961 2970 studeo
983 2911 1016 2970 in
1036 2912 1125 2982 lare,
1159 2906 1232 2986 quia

102 3032 198 3090 saepe
213 3009 334 3068 dixistis
353 3009 449 3082 mihi,
470 3009 551 3090 quod
572 3009 667 3068 debeo
676 3008 802 3068 eludere
814 3007 848 3066 in
863 3009 1042 3090 Theologia,
1063 3027 1141 3088 quae
1156 3007 1232 3066 bea·

103 3107 219 3179 sacar,
244 3118 275 3166 et
296 3117 341 3166 est
363 3107 401 3166 de
423 3108 532 3186 majori
550 3110 680 3180 merito,
710 3125 801 3187 quarn
820 3106 876 3166 illa
896 3109 984 3182 lura,
1014 3096 1091 3188 qua'e
1114 3107 1233 3166 faciunt
1315 3146 1324 3153 -

105 3229 240 3268 curvum
260 3217 380 3266 rectum
397 3217 427 3266 et
447 3218 565 3266 rectum
586 3225 724 3266 curvum.
774 3207 814 3265 Et
834 3207 984 3286 allegastis
1003 3207 1081 3266 mihi
1099 3203 1233 3264 Richar-

104 3307 185 3367 dum
204 3306 240 3364 in
259 3325 324 3363 uno
345 3325 451 3384 passu,
471 3314 604 3364 attamen
624 3305 703 3377 dico,
722 3305 805 3384 quod
816 3287 942 3384 oportet
952 3326 1002 3364 me
1021 3305 1139 3364 facere:
1160 3300 1234 3386 quia

106 3405 238 3464 scientia
257 3404 339 3464 luris
361 3412 406 3462 est
427 3402 465 3462 de
486 3423 566 3484 pane
587 3403 745 3462 lucrando.
789 3403 878 3464 Unde
898 3421 1004 3463 versus
1015 3425 1028 3468 ε,
1063 3403 1146 3474 „Dat
1169 3399 1234 3456 Ga·
1316 3443 1319 3450 s

105 3506 200 3564 lenus
222 3523 295 3583 opes
313 3509 350 3560 ut
369 3502 484 3560 sanctio
503 3501 682 3562 lastiniani:
713 3504 762 3562 Ex
782 3500 850 3558 aliis
870 3502 988 3580 paleae,
1025 3499 1149 3559 existis
1170 3497 1235 3554 ool-

107 3604 173 3682 lige
194 3603 320 3680 grana.“
362 3599 402 3660 Et
422 3599 504 3661 scitis
523 3600 612 3678 berre,
634 3600 717 3678 quod
739 3599 813 3657 alias
833 3619 901 3658 sum
921 3619 1057 3680 pauper,
1087 3607 1118 3656 et
1139 3605 1235 3682 asater

108 3722 181 3760 mea
205 3699 330 3780 scripsit
349 3699 446 3774 mihi,
480 3699 562 3779 quod
590 3699 686 3758 debeo
713 3696 845 3778 cogitare
866 3697 906 3758 ad
925 3697 1099 3756 habendum
1117 3695 1236 3754 victum
1285 3699 1301 3710 '

110 3811 143 3858 et
163 3799 329 3871 amictum,
371 3797 443 3876 quia
464 3797 596 3878 amplias
617 3818 681 3857 non
692 3795 761 3855 vult
776 3795 897 3855 mittere
911 3794 989 3855 mihi
1009 3793 1182 3874 pecuniam,
1206 3800 1237 3849 et
1291 3866 1293 3872 y

109 3898 155 3957 sic
174 3907 218 3958 est
235 3911 298 3978 per
308 3897 421 3956 Deum.
471 3897 532 3956 Sed
544 3895 605 3974 jam
617 3895 731 3957 iterum
746 3894 844 3975 cogito
862 3894 901 3956 de
915 3895 988 3974 ist05
1008 3893 1080 3966 scio,
1094 3890 1149 3972 qui
1162 3889 1238 3951 fecit

110 4017 163 4058 me
179 3996 304 4058 iratum.
326 3995 435 4056 Valete
450 3994 634 4056 cordialiter.
655 3997 771 4054 Datum
783 3993 909 4054 Romae.
993 3979 995 3984 ’

578 4165 785 4192 -ἆ--ι--ι-ι
860 4187 862 4202 Ι
876 4167 878 4172 “
