2846 4716
124 393 127 400 .
168 349 170 352 ·
208 339 265 401 aa
285 335 423 440 anana
445 304 811 400 manutentionis
832 333 981 400 asonrs
1001 336 1043 400 x.
1135 337 1198 404 eoo

83 513 109 559 et
125 495 284 574 Pharisaei,
312 496 382 577 quia
409 491 519 556 tulistis
548 491 665 581 clavpm
692 491 851 571 scientiae,
877 494 938 576 ipsi
956 515 1021 556 non
1041 496 1197 575 innuistis,

84 613 124 676 et,
150 599 207 678 qui·
220 598 398 672 introibant,
425 595 632 678 prohibuistis.
684 592 786 654 Clavis
815 596 955 656 scientiae
978 581 1113 658 Christus
1128 611 1198 677 -est,

83 721 134 779 quo
162 698 199 758 ad
226 695 428 758 credulitatem
456 695 530 757 iidei
558 708 713 777 pectorum
739 717 844 756 arcam
865 710 1040 760 reserantur.
1085 697 1197 777 Clanis,
1225 769 1227 773 ι
1257 725 1259 741 ¹

83 821 180 881 agnus,
203 799 255 878 qui
278 798 394 858 occisus
417 808 485 871 eet,
502 797 639 877 aperiens
658 794 770 859 librum
792 797 948 879 signatum,
974 821 1116 861 amovens
1138 803 1198 862 ob-

83 901 194 960 ductum
221 895 369 958 velamen.
419 893 520 956 clavis
551 896 714 980 sapientias
742 899 944 978 scientiaeque
972 900 1047 961 fides
1070 914 1131 978 est,
1159 901 1197 961 de
1293 929 1296 945 ι

83 1021 136 1080 quo
157 999 392 1060 dicibu'Pstro:
422 997 479 1056 tibi
508 997 586 1058 dabo
617 995 717 1056 claves
745 1000 832 1081 regni
860 997 1021 1062 coelorum.
1073 999 1198 1064 Clavem
1260 1073 1263 1076 ,

82 1101 162 1182 igitur
182 1103 276 1170 Petri
305 1097 396 1158 fidem
418 1101 512 1159 Betui
543 1117 608 1158 esee
643 1097 729 1174 dico,
758 1121 811 1181 pec
842 1120 931 1180 quem
952 1098 1052 1162 coelos
1073 1104 1197 1183 aporuit,
1227 1123 1233 1178 j

83 1200 238 1281 penetrauit
272 1199 389 1258 inferna
424 1218 563 1273 secururs,
599 1198 690 1258 maria
720 1197 847 1262 calcavit
872 1201 1050 1282 intrepidus.
1100 1206 1198 1264 Tanta

84 1301 153 1360 enim
172 1297 354 1382 apostelicae
374 1298 447 1360 fidei
466 1299 562 1358 virtus
575 1309 638 1386 pst,
659 1311 694 1358 ut
714 1313 820 1360 cuncta
838 1298 885 1360 illi
906 1299 1053 1364 elementa
1066 1287 1197 1385 pireant,

83 1399 133 1461 hoc
153 1415 211 1477 est,
236 1421 299 1462 nou
320 1398 374 1460 illi
391 1397 542 1484 angelicae
565 1397 743 1460 claudantur
763 1401 881 1477 ianuae,
903 1423 966 1468 non
986 1417 1089 1486 portae
1109 1427 1198 1487 prae-

82 1499 190 1562 valeant
208 1504 325 1579 tantari,
346 1521 409 1562 non
430 1521 572 1582 aquarum
592 1503 705 1561 fluenta
725 1500 889 1564 subsidant.
933 1503 992 1564 ista
1013 1518 1113 1566 autem
1132 1507 1199 1588 ipsa

83 1601 180 1678 clavis,
212 1623 303 1682 quam
329 1603 420 1664 fidem
450 1623 515 1663 esso
538 1601 683 1677 dicimus,
714 1601 891 1679 videamus,
911 1605 1014 1680 verbis
1028 1607 1198 1685 Ambrosii,

83 1702 221 1783 loquimus
241 1701 494 1783 quemadmodum
510 1716 642 1778 constet,
671 1702 924 1785 quemadmodum
937 1703 1033 1766 solida
1050 1709 1093 1767 fit.
1136 1706 1199 1767 Ar-

83 1806 164 1866 bitror
183 1803 266 1872 illam
288 1805 449 1868 duodecim
467 1806 612 1868 artificum
633 1805 804 1886 operatione
820 1799 985 1868 conflatam.
1028 1807 1199 1870 Duodecim

85 1907 155 1978 eninr
175 1904 391 1987 Apostolorum
411 1905 548 1988 symbolo
570 1905 644 1968 fides
672 1919 772 1966 sancta
794 1920 937 1989 concepta
958 1921 1021 1986 est,
1050 1908 1119 1989 qui,
1139 1929 1200 1969 ve·
1224 1969 1226 1974 .

83 2004 121 2066 lut
143 2008 229 2088 periti
254 1999 382 2070 artifices
407 2010 441 2070 in
462 2030 557 2078 unum
580 2008 810 2084 convenientes,
840 2006 956 2071 clavem
986 2030 1041 2070 suo
1071 2007 1199 2071 consilio

85 2111 286 2172 conflaverunt.
331 2109 453 2171 Clavem
475 2107 624 2190 quandam
654 2110 754 2190 ipsum
776 2108 948 2188 symbolum
971 2111 1118 2184 dixerim,
1146 2131 1201 2192 per

85 2211 156 2287 quod
175 2226 342 2274 reserantur
362 2211 486 2274 Diaboli
505 2212 664 2286 tenebrae,
685 2222 719 2268 ut
742 2206 797 2269 lux
817 2207 925 2274 Christi
948 2210 1102 2287 adveniat,
1126 2233 1201 2292 ape·-

59 2311 187 2372 ,nunurr
213 2297 414 2389 conscientiae
446 2311 546 2373 clausa
571 2325 708 2394 peccata,
736 2321 771 2370 ut
797 2311 926 2370 iustitiae
956 2310 1090 2396 fulgeant
1112 2333 1202 2394 opera

84 2413 239 2474 manifestae
281 2415 366 2484 Haec
387 2415 481 2496 igitur
501 2413 597 2474 clav-is
619 2410 759 2473 omnibus
781 2412 968 2474 ostendenda
989 2427 1051 2490 est,
1080 2427 1114 2473 ut
1134 2415 1202 2474 sin-
1293 2405 1297 2417 ⁴

85 2512 138 2595 guli
156 2528 297 2596 tanquam
316 2513 457 2597 discipuli
477 2519 571 2578 Potui
593 2514 711 2575 inferna
730 2513 788 2573 sibi
802 2533 948 2592 reserare,
971 2512 1073 2577 coelos
1086 2515 1202 2597 aper-ire

85 2630 276 2678 consuescant.
320 2616 471 2677 Omnibus
492 2616 567 2678 hacc
591 2602 684 2678 clauis
707 2615 776 2676 data
800 2628 861 2691 est,
890 2637 954 2676 nou
977 2617 1049 2692 uni,
1079 2618 1152 2694 iruo,
1174 2618 1202 2678 si

85 2716 177 2793 navis,
198 2719 269 2795 uni,
292 2739 396 2780 omnes
414 2718 496 2778 enim
508 2719 580 2779 fidei
595 2718 708 2778 unitate
724 2735 803 2777 unus
820 2735 923 2776 sumus
938 2721 1066 2794 Patrue,
1087 2739 1204 2799 exque

85 2816 146 2875 fidei
172 2816 254 2880 clave
279 2832 308 2880 et
330 2817 433 2901 plures
456 2822 632 2880 conflantur.
686 2819 749 2880 Tot
768 2815 867 2878 claves
892 2819 993 2896 itaquo
1015 2833 1100 2896 sunt,
1130 2834 1205 2900 quot

86 2931 186 2996 portae.
227 2919 346 2980 Iustitia
377 2921 508 2998 iustitiae
529 2935 615 3002 porta
634 2920 773 3002 aperitur.
826 2917 1018 2980 Continentia
1038 2921 1203 3002 pudicitiae

86 3032 161 3097 porta
179 3035 340 3097 ueneratur,
368 3033 398 3080 et
419 3021 517 3082 sicin
538 3019 665 3104 singulis
688 3021 856 3106 quibusque
876 3020 1049 3082 virtutibus.
1093 3022 1203 3086 Omnis

87 3121 157 3180 enim
176 3123 290 3204 species
309 3124 472 3199 uirtutum,
493 3143 563 3184 cum
578 3123 645 3202 quis
660 3143 726 3182 eam
744 3122 857 3204 ceperit
876 3120 1007 3205 operaril,
1034 3125 1120 3204 quasi
1138 3126 1204 3207 ipsa

88 3240 114 3278 se
128 3220 256 3304 adaperit
275 3237 343 3284 ante
365 3245 451 3302 eum,
477 3225 529 3305 qui
543 3224 706 3286 acoemetit
726 3223 764 3283 ad
786 3243 852 3282 eam
872 3243 910 3283 ox
933 3221 1040 3301 corde,
1069 3225 1205 3290 Domino

87 3321 216 3385 videlicet
245 3347 311 3386 earn
339 3328 490 3408 aperiente
520 3348 575 3409 per
598 3325 723 3409 gratiam
743 3345 829 3385 suam
858 3324 903 3399 ei,
924 3324 977 3402 qui
998 3347 1015 3382 a
1036 3326 1132 3404 portis
1152 3326 1206 3384 in*

88 3420 215 3485 ictorum·
233 3449 297 3488 non
324 3426 415 3510 fuerit
432 3429 541 3491 ¹uictus.
584 3427 771 3508 Quapropter
792 3425 910 3485 sinistra
931 3443 1073 3486 romanus
1095 3425 1206 3496 Pontiq

89 3522 146 3601 fex,
173 3526 341 3596 adulatione
372 3529 488 3605 victus,
520 3529 642 3588 obrutus
669 3525 837 3610 ignorantia
857 3537 887 3583 ct
909 3523 1069 3604 cupiditate
1091 3547 1205 3588 excoe-

91 3638 160 3686 catus
179 3629 277 3690 inanis
297 3627 426 3713 gloriae,
448 3649 480 3688 se
502 3627 618 3706 claves,
648 3627 791 3706 tanquam
812 3627 932 3694 Christi
953 3640 984 3687 et
1003 3632 1097 3690 Petri
1117 3629 1205 3690 vicas-

93 3725 155 3802 rius,
177 3731 227 3808 qui
246 3745 346 3791 tamen
367 3730 515 3793 vicarium
535 3730 675 3792 interris
691 3728 790 3803 lubet,
814 3723 933 3786 nullum
953 3725 1096 3811 gloriatur
1116 3753 1206 3792 acce·
1308 3775 1312 3786 .

90 3825 167 3903 pisse.
206 3830 275 3891 Non
304 3829 477 3912 intelligens
497 3831 618 3894 Christi
646 3830 778 3907 dictum,
806 3816 979 3890 tibisdabo.
995 3829 1095 3892 claves
1118 3835 1205 3918 regni

92 3925 253 3993 ecloum„
280 3931 492 4011 Quodcunque
520 3929 661 4013 ligaveris
682 3942 920 4015 superterram,
954 3931 1010 3991 erit
1031 3929 1156 4016 ligatum
1176 3948 1207 3996 et

92 4022 235 4108 incoclis,
265 4031 516 4112 eaquodcunque
537 4029 665 4094 solveris
686 4045 921 4113 superterram,
942 4033 998 4092 crit
1018 4031 1150 4094 solutum
1171 4034 1206 4095 ia

93 4125 183 4190 coelis.
221 4131 348 4212 Aliquid
361 4132 427 4199 sibi
448 4154 486 4192 ex
506 4131 732 4197 Pharisaeorum
753 4134 877 4194 assuurit
898 4131 1132 4214 supercilio,.·ut
1154 4135 1207 4196 vel

95 4221 203 4292 damnet
220 4233 411 4311 innocentes,
442 4231 495 4295 vcl
518 4254 550 4296 se
576 4231 693 4298 solvere
712 4235 821 4296 noxios
845 4235 1016 4312 arbitreurr,
1030 4257 1109 4296 cum
1126 4236 1207 4318 apud
1268 4297 1277 4304 ,

95 4321 198 4401 Deum,
215 4347 288 4398 teste
309 4337 518 4413 Hieronymo,
549 4357 611 4398 non
632 4337 781 4399 sententia
800 4335 996 4411 sacerdotum,
1017 4335 1073 4396 sed
1088 4357 1206 4399 reorum
