2896 4716
180 337 244 412 220
548 339 951 403 uulsa-onan

159 517 244 558 -sua.
285 497 329 558 Et
345 515 404 578 per
421 496 543 570 Deam,
564 516 620 576 ego
641 495 721 558 bene
740 495 864 577 portari
883 491 996 578 viginti
1014 497 1152 574 beauce,
1185 507 1217 562 at
1237 521 1314 582 per-

179 595 247 660 didi
266 595 401 658 multum
420 605 555 676 tempas,
597 595 750 656 currendo
776 595 853 656 bine
871 595 967 675 inde3
1009 611 1039 657 et
1059 581 1168 660 fuisset
1188 602 1311 676 melius,

177 695 304 757 studere
326 693 382 752 illo
410 704 566 774 temporc3
602 693 656 752 sed
682 693 750 773 ipse
775 695 935 775 nunquam
962 695 1047 756 dedit
1071 698 1151 757 mihi
1179 700 1311 779 aliquid.

178 794 281 857 Etiam
302 792 387 852 dedit
405 793 493 854 nobis
514 792 595 850 mala
614 791 759 866 barasalia,
781 803 812 853 et
830 813 947 860 macras
969 813 1090 870 carnes,
1111 806 1142 856 et
1161 799 1310 858 acerbum

176 905 307 978 potum,
340 901 371 952 et
389 894 513 972 potestis
535 891 565 950 ei
584 891 663 950 bene
688 891 807 965 dicere,
841 893 926 973 quod
947 892 1038 956 debet
1057 894 1116 956 ista
1135 897 1313 961 recordare.

123 1003 128 1018 ¹
178 995 241 1056 Sed
260 991 477 1058 voavaletein
492 989 650 1051 charitate.
685 989 802 1050 Datum
811 992 871 1055 Lo,

195 1143 371 1227 Baltbasar
390 1155 565 1229 Seliloucla,
591 1155 827 1223 Bocczclunra'us
847 1154 1217 1238 Theologiaefhrmutus,
1238 1161 1291 1224 M.¹

532 1255 665 1324 Ortuino
681 1255 792 1322 Gratia
814 1257 958 1326 satutem
1074 1323 1078 1328 ,
1184 1321 1186 1326 .

258 1392 438 1456 Gratiarum
459 1388 594 1450 actiones
614 1388 703 1452 vobis
725 1389 907 1468 immensas,
933 1390 1086 1468 infinitae,
1111 1392 1307 1460 inenarrabi-

173 1496 223 1559 les
235 1538 246 1570 ‚
308 1487 569 1568 innumerabiles,
622 1489 907 1571 incomparabiles„
968 1491 1159 1568 ineffabiles,
1221 1493 1306 1574 quod

174 1591 301 1656 misistis
340 1589 421 1650 mihi
440 1587 557 1648 librum
599 1589 638 1648 D.
674 1581 799 1649 loannis
835 1589 1035 1651 Pfefferkorn
1047 1633 1057 1665 ,
1105 1591 1161 1670 qui
1193 1591 1307 1652 intitu-

172 1697 277 1757 laturs
304 1687 456 1751 Defensio
475 1685 602 1753 Ioannis
622 1673 822 1748 Pfefferlaorn
842 1699 950 1750 eontra
967 1683 1113 1750 famosa:
1166 1691 1234 1771 Ego
1254 1691 1317 1752 fui

172 1796 217 1854 ita
238 1794 346 1864 lactus,
367 1786 490 1868 quando
511 1784 616 1866 accepi
641 1786 732 1846 illum
752 1785 887 1864 librum,
913 1790 997 1876 quod
1021 1787 1131 1856 saltari
1151 1809 1212 1868 pro
1227 1809 1306 1870 gan-

86 1880 91 1887 ¹
174 1895 245 1955 dios
263 1902 294 1956 et
309 1888 477 1948 certi-ssime
497 1885 608 1951 credo,
629 1885 713 1965 quod
732 1887 863 1946 Ioannes
883 1889 1083 1971 Pvlafferkorn
1105 1897 1150 1947 est
1171 1887 1245 1962 ille,
1264 1888 1305 1950 de

172 2013 234 2076 pro
251 1988 484 2072 prophetizatur
503 1983 614 2048 Ezecb.
632 2003 663 2064 9,
681 1984 740 2044 si'c:
760 1985 822 2061 „Et
848 1987 974 2048 vocavit
994 1987 1115 2060 virum,
1132 1971 1187 2065 qui
1208 1987 1305 2048 indu·-
1408 2027 1413 2034 -

171 2103 222 2153 tus
244 2099 310 2149 erat
328 2086 436 2154 lineis,
470 2093 501 2143 et
531 2083 782 2156 atramentarium
803 2084 961 2166 scriptoris
987 2086 1098 2147 habeat
1124 2086 1158 2149 iu
1188 2087 1304 2148 lumbis

171 2191 265 2252 saia·
305 2185 389 2265 Quia
406 2187 540 2245 loannes
557 2183 905 2268 Plellerlsornysemper
931 2184 1024 2246 habet
1050 2186 1305 2246 atramentarium

171 2310 293 2362 seeum,
315 2297 346 2347 et
364 2285 470 2345 scribit
489 2283 523 2343 in
543 2281 827 2363 praedicationibus¹
844 2283 897 2344 vel
917 2285 1141 2346 conventiculis
1161 2284 1305 2346 auctori-

171 2403 248 2454 tates
269 2401 299 2448 et
320 2385 486 2456 notabilia,
525 2383 610 2448 unde
630 2391 736 2462 postea
756 2382 914 2463 componit
934 2384 1018 2444 talia.
1059 2387 1124 2446 Vos
1144 2385 1303 2446 exhilara*

171 2490 211 2551 tis
232 2510 283 2549 me
302 2486 408 2559 valde,
439 2483 562 2562 quando
584 2482 713 2563 mittitis
726 2483 806 2543 mihi
825 2485 922 2544 libros
942 2503 1031 2544 snos:
1072 2483 1145 2564 quia
1163 2495 1236 2546 sunt
1257 2485 1302 2544 ita

171 2569 375 2650 artificialiter
395 2581 571 2662 compositi,
593 2582 676 2661 quod
697 2582 805 2650 miror.
854 2583 919 2662 Ego
942 2583 1035 2642 etiam
1054 2583 1196 2644 Viennae
1217 2583 1302 2642 mul·

170 2679 238 2750 tum
264 2685 395 2766 glorior,
430 2681 514 2761 quod
535 2701 604 2740 sum
630 2689 723 2741 notus
750 2681 828 2755 sibi,
863 2691 894 2741 et
914 2681 1037 2760 quando
1066 2684 1195 2744 nomino
1216 2704 1300 2757 eum,

128 2779 131 2786 ⁴
171 2789 255 2848 dico:
274 2788 408 2846 loannes
428 2779 640 2852 Plefferlaorn,
661 2779 777 2848 amiens
796 2795 908 2840 meus·
933 2781 995 2843 Sed
1015 2781 1051 2840 in
1070 2782 1130 2842 illu
1148 2783 1300 2861 libro-in.

170 2885 297 2956 tollexi,
318 2879 402 2962 quod
422 2878 574 2958 Theologi
594 2887 668 2937 sunt
687 2878 841 2939 discordes
860 2897 954 2958 super
974 2881 1143 2960 Speculum
1163 2883 1299 2958 oculare,

162 2971 244 3068 'quia
265 2979 362 3060 aliqui
384 2977 531 3044 damnant
550 2996 623 3043 euna
643 2977 683 3037 ad
703 2979 822 3058 ignem,
844 2976 923 3036 sicut
940 2979 1166 3046 Parrhisienses
1188 2992 1219 3042 et
1237 2983 1299 3043 Co-

168 3085 334 3145 loni-enses.
396 3075 505 3158 Aliqui
524 3098 601 3138 vero
621 3077 660 3137 ad
681 3076 912 3158 suspensionem
922 3117 932 3152 ,
953 3077 1031 3138 sicut
1049 3080 1095 3140 Μ.
1113 3089 1218 3144 noster
1236 3083 1300 3142 Pe·

168 3193 238 3248 trus
256 3179 381 3258 Meyer,
402 3177 472 3257 qui,
493 3177 617 3256 quando
635 3177 717 3238 vidit
731 3176 901 3257 Speculum
920 3179 1063 3254 oculum,
1084 3180 1300 3243 clamauitvo-
1345 3171 1348 3178 ’

169 3303 205 3342 ce
223 3299 349 3360 magua:
382 3275 421 3338 ad
441 3275 616 3357 patibulum
639 3297 709 3338 cum
735 3275 791 3338 tali
812 3276 911 3336 libro!
972 3275 1037 3338 Vos
1058 3277 1210 3348 deberetis
1230 3299 1299 3342 esse

168 3379 354 3452 concordes,
373 3387 448 3438 tunc
465 3377 594 3457 possetis
613 3375 727 3438 babere
742 3376 903 3438 victoriam
923 3386 1030 3438 nonna
1049 3377 1141 3438 illum
1160 3378 1298 3440 haereti-

82 3492 84 3495 ’
168 3500 248 3542 cum.
309 3479 377 3558 Ego
396 3469 591 3537 tuinultum
612 3477 813 3558 perterritus,
844 3479 967 3559 quaudo
983 3477 1047 3559 legi
1067 3477 1140 3562 ista,
1159 3487 1189 3540 et
1209 3478 1297 3540 dixi:

166 3582 261 3642 Nunc
279 3577 418 3638 diabolus
435 3577 552 3636 tenebit
571 3575 747 3650 candelam,
788 3577 815 3636 si
835 3576 989 3658 Theologi
1008 3577 1120 3638 volum
1146 3597 1210 3638 esse
1230 3577 1298 3640 dier

105 3711 107 3716 ,
166 3679 282 3738 cordes.
323 3677 385 3736 Sed
405 3695 512 3758 spero,
548 3675 632 3755 quod
653 3675 738 3735 eritis
755 3675 869 3736 iterum
892 3674 1069 3739 concordes.
1132 3677 1194 3738 Sed
1214 3675 1297 3736 mibi

66 3848 74 3866 Ι
166 3777 308 3850 videtur,
342 3776 425 3856 quod
447 3768 595 3854 Magister
616 3783 721 3835 noster
738 3775 848 3836 Petrus
874 3796 939 3837 non
960 3787 1005 3836 eat
1030 3775 1146 3855 justus,
1175 3775 1243 3856 ipse
1265 3785 1302 3836 et-

165 3877 215 3938 sui
235 3876 450 3950 cohaerentes,
479 3873 534 3955 qui
553 3881 675 3948 tenent,
694 3875 777 3953 quod
798 3868 966 3956 Speculum
984 3875 1109 3938 oculare
1129 3873 1220 3940 debet
1241 3895 1297 3934 su-

36 3963 40 3969 ’
165 3974 276 4056 spondi
295 3973 335 4034 ad
352 3973 535 4054 patibulum.
590 3957 674 4050 Quia
695 3982 741 4034 est
763 3973 820 4034 ille
837 3975 919 4036 liber
939 3974 1130 4048 haereticus,
1163 3983 1195 4034 et
1214 3961 1296 4034 hae?-
1364 3967 1368 3974 ’

165 4071 256 4134 retici
284 4082 444 4134 merentur
466 4089 600 4153 pnsum
623 4070 713 4152 ignis.
774 4073 1035 4150 Quiabaeretici
1057 4073 1295 4144 comburuntur,

165 4169 220 4232 se‘d
240 4171 333 4232 'fures
355 4172 593 4252 suspenduntur.
654 4171 805 4249 Quamvis
824 4171 874 4232 illi
895 4172 1025 4234 formam
1044 4171 1169 4266 dicunt,
1208 4171 1296 4252 quod

166 4271 335 4353 Speculum
358 4271 481 4333 ocuhre
500 4269 593 4332 etiam
615 4271 768 4334 commisit
786 4272 916 4338 furtum.
956 4271 1040 4351 Quia
1057 4269 1296 4336 loannes-Psei-
