2840 4718
230 357 297 428 430
545 355 743 438 sumus·
768 355 1050 425 EXOLUSUS.

191 543 200 557 ·
230 519 298 583 iuni
318 512 491 603 psalnista,
508 513 566 600 qui
586 526 618 580 ts
630 509 1040 599 sanctissimumdcceaunu
1066 499 1340 586 as-tttsmuiiuut

232 621 430 694 felicitatum,
450 618 505 699 qui
527 617 680 680 dederunt
698 620 899 680 sanctitatem.
956 619 1144 701 Quanquam
1172 624 1339 700 usqueadeo

230 721 315 785 nihil
333 721 483 782 interesse
504 733 627 789 censes,
642 716 759 778 dicaris
779 729 921 794 sanctus,
942 739 982 794 an
1004 719 1068 780 sis?
1107 721 1296 783 latiariter!
1314 723 1340 782 Si

229 819 358 882 vincere
371 818 470 878 modo·
484 815 634 891 licuisset,
672 837 735 898 ego·
752 817 812 882 sibi
837 819 927 878 istum
952 839 1011 880 nuc
1031 819 1220 880 sanctitatem
1239 821 1341 882 invida·

229 940 316 993 rcm,
339 914 609 980 uec''felicitatam.
650 919 722 978 Pet·
742 917 773 979 Ο
790 921 903 979 'vocem
922 918 1131 980 sanctissimae
1151 920 1258 982 mentis
1274 920 1341 979 indi·

230 1039 314 1082 cem:
339 1019 554 1098 *quanquam
582 1027 612 1075 at
638 1015 779 1094 alioquin
805 1037 864 1098 ego
889 1028 921 1078 te
947 1019 1129 1081 iamdudum
1147 1017 1340 1080 oeulis-totum

230 1120 428 1191 collustrans,
443 1115 573 1176 *msrltsm
593 1113 774 1198 impictatis,
795 1119 914 1178 nullam
929 1118 1006 1178 in-tu
1019 1119 1237 1179 sanctimoniae
1256 1129 1339 1178 notam

229 1219 453 1282 animadverto.
517 1215 604 1295 Quid
625 1217 708 1276 enirn
730 1215 790 1276 sibi
810 1218 880 1278 vult
900 1237 1001 1280 novus
1021 1217 1080 1278 ists
1100 1218 1270 1288 comitatus,
1291 1227 1339 1276 tau

228 1337 293 1380 non
305 1316 510 1400 pontificiusi
524 1335 536 1344 ··
551 1315 632 1378 Nam
652 1316 767 1398 viginti
781 1311 881 1378 ferme
902 1317 1002 1392 millia
1023 1327 1126 1378 tecum
1146 1317 1279 1378 adducis:
1293 1319 1338 1378 'uec

228 1419 331 1480 ullum
352 1417 387 1477 in
407 1427 492 1479 tauta
517 1416 674 1498 conspicio
696 1417 804 1491 turba,
841 1417 893 1477 oui
912 1418 965 1478 vel
984 1418 1092 1478 vultus
1111 1418 1152 1477 sit
1173 1417 1338 1478 christianus

229 1504 333 1581 Video
355 1517 546 1579 teterrimum
568 1516 732 1578 hominum
752 1517 935 1591 colluviem,
977 1515 1060 1578 nihil
1078 1529 1201 1598 praeter
1219 1517 1338 1592 fornices,

227 1628 377 1682 temetum
401 1635 437 1679 ac
457 1618 621 1698 pulverem
641 1615 880 1678 bombardicum‘
900 1616 1060 1676 olentium.
1116 1618 1265 1678 Latrones
1280 1637 1337 1676 con-

228 1718 353 1781 ductitii
374 1715 453 1777 mihi
473 1716 637 1791 videntur,
667 1716 848 1778 vel-larvae
869 1715 972 1798 potius
992 1727 1145 1777 tartareae
1174 1716 1236 1778 huc
1251 1716 1284 1776 ab
1298 1715 1336 1775 iu-

228 1820 306 1882 scria
326 1817 460 1891 eruisse,
487 1825 524 1878 ut
544 1817 631 1876 coelo
652 1816 734 1876 bella
753 1825 908 1878 moveant.
955 1818 1021 1878 dam
1040 1827 1071 1877 te
1090 1817 1194 1898 ipsum
1214 1835 1269 1896 quo
1286 1835 1336 1874 us-

228 1919 274 2002 gis
293 1938 329 1979 ae
349 1917 446 1999 magis
467 1916 677 1996 contemplor,
698 1915 758 1975 hoc
778 1915 882 1976 minus
903 1915 1004 1978 ullum
1020 1916 1113 1978 video
1126 1916 1278 1998 apostolici
1288 1914 1335 1976 viri

226 2013 407 2098 vestigium:
447 2016 609 2097 Principio
630 2013 707 2095 quid
728 2015 788 2075 lucc
807 2015 941 2076 monstri
955 2026 1009 2084 eet,
1028 2017 1120 2098 quod,
1138 2037 1210 2077 cum
1229 2035 1335 2098 superne

226 2119 393 2182 sacerdotis
432 2125 576 2178 ornatum
603 2135 709 2196 gersa,
751 2115 834 2180 idam
863 2114 949 2176 intus
977 2117 1071 2176 armis
1096 2117 1258 2179 cruentatis
1274 2126 1334 2176 totus

225 2217 368 2292 horres„
385 2215 578 2298 caepasque?
619 2214 670 2277 Ad
689 2213 785 2290 haec,
807 2235 899 2296 quam
921 2225 1023 2276 truces
1044 2217 1145 2292 oculi,
1174 2237 1259 2298 quam
1278 2237 1333 2275 con·
1369 2203 1374 2224 ⁶

181 2309 182 2312 ¹
225 2327 340 2380 murex*
355 2335 406 2392 or,
426 2335 520 2395 quam
540 2313 650 2376 minax
669 2314 768 2389 frons,
789 2335 882 2395 quam
902 2315 1016 2376 elutum
1039 2327 1068 2388 et
1089 2333 1233 2398 arrogans
1250 2337 1334 2398 super-

225 2417 354 2482 cilium!
394 2416 476 2478 Nam
497 2415 593 2497 pudet
612 2413 734 2492 dicere,
772 2434 808 2474 ac
828 2415 913 2496 piget
932 2415 1060 2476 interim
1080 2417 1207 2493 videre,
1239 2417 1332 2478 nnllam

225 2519 366 2599 corporis
386 2526 507 2598 partem
527 2535 593 2576 non
614 2523 846 2596 conspurcatum
865 2515 947 2576 uotis
972 2515 1169 2597 prodigiosae
1190 2538 1224 2580 ac
1239 2515 1332 2576 aboni·
1390 2535 1391 2601 p

224 2618 347 2679 meuse
366 2615 516 2678 libidinis.
557 2615 601 2680 Ut
619 2635 660 2676 na
681 2615 798 2689 dicam,
818 2615 902 2695 quod
920 2615 1089 2676 etiamnum
1110 2626 1193 2688 totus
1211 2623 1333 2676 etractus

225 2727 258 2780 at
274 2718 340 2780 oles
359 2717 518 2798 crapulam
539 2733 576 2774 ac
596 2725 766 2790 temetum,
787 2733 822 2774 ac
843 2713 922 2774 mihi
943 2715 1070 2795 quidone
1091 2717 1186 2778 modo
1202 2713 1333 2794 ¹vcnuuisse

223 2816 360 2881 videris·
392 2815 509 2896 Utique
528 2812 556 2873 iu
577 2821 624 2872 ast
644 2813 738 2874 totius
761 2815 899 2896 corporis
920 2814 1059 2890 habitus,
1084 2827 1122 2875 nt
1143 2835 1206 2876 nou
1224 2823 1276 2874 ism
1294 2829 1333 2869 uc·
1389 2813 1390 2863 l

223 2927 288 2980 sate
307 2915 480 2988 morbisve,
502 2933 596 2994 quam
616 2913 743 2993 crapula
756 2913 872 2988 victus,
894 2913 1048 2975 marcidus
1061 2936 1096 2975 ac
1118 2912 1333 2982 fraemundu-

223 3016 277 3080 ris·
323 3016 398 3075 Gan.
419 3015 461 3076 Ut
481 3013 628 3095 graphica
648 3012 733 3073 huuc
751 3015 816 3075 suis
838 3014 980 3094 depinxit
999 3015 1165 3078 coloribus.
1210 3018 1272 3076 Pet.
1285 3011 1332 3070 Ts-
1388 3075 1389 3086 p

224 3114 316 3182 meni
342 3114 436 3177 video
464 3123 497 3174 te
521 3113 703 3174 iamdudum
731 3113 813 3173 mihi
843 3114 1011 3196 supercilio
1031 3103 1215 3190 minantem,
1251 3123 1331 3172 tanen

223 3215 311 3279 haud
331 3233 411 3295 queo
438 3213 587 3287 reticere,
629 3213 711 3292 quod
739 3213 849 3273 santio.
905 3213 1053 3294 Suspicor
1074 3211 1331 3294 pestilentissimum

224 3315 317 3376 illurn
337 3313 456 3375 lulium
476 3311 635 3382 ethnicum
657 3311 694 3370 ab
715 3311 828 3372 inferis
850 3311 979 3373 rediisse
1003 3325 1219 3396 personatum,
1249 3321 1278 3372 ut
1292 3327 1330 3368 nu
1387 3355 1388 3387 ,

223 3414 346 3478 viden:
367 3413 444 3473 adeo
463 3411 522 3472 tibi
539 3433 611 3472 cum
629 3412 686 3472 illo
708 3412 899 3472 conveniunt
917 3413 1031 3472 omniur
1080 3415 1146 3474 Iud.
1162 3406 1329 3475 Ma..di..si.

223 3517 297 3577 Pet.
320 3512 407 3592 Quid
428 3510 531 3572 dixit?
577 3512 651 3572 (len.
663 3511 763 3571 Iratus
785 3523 839 3573 cat.
881 3513 931 3574 Ad
951 3513 1032 3573 hane
1052 3533 1161 3575 vocem
1181 3508 1331 3573 nemoGsr-
1386 3551 1387 3598 p

223 3613 378 3676 dinalium
399 3631 463 3672 non
484 3611 651 3694 fugitabat:
673 3611 791 3692 alioqui
811 3612 924 3673 iliatam
945 3612 1038 3672 illum
1056 3612 1236 3674 sanctissimi
1245 3625 1330 3670 seusu·
1386 3599 1387 3649 l

223 3711 508 3794 rus,.praesertiu1
530 3733 558 3770 a.
572 3711 728 3772 convivio.
769 3715 840 3772 Pet.
868 3713 920 3772 'Pu
938 3712 1019 3772 mihi
1037 3713 1155 3775 videris
1175 3711 1264 3796 probe
1281 3704 1330 3766 cul·

196 3813 291 3876 lere
311 3830 436 3872 sensum
456 3809 609 3871 hominis:
652 3809 784 3892 proinde
804 3811 855 3872 dic
877 3810 972 3887 mihi,
1008 3811 1078 3893 qnia
1099 3813 1156 3874 est
1199 3812 1265 3872 Gen.
1278 3805 1329 3884 ugo
1385 3835 1386 3911 p

223 3931 444 3992 sum‘snugnus
465 3909 522 3970 illa
538 3909 616 3972 tulii
636 3908 755 3990 genius.
815 3915 887 3972 Pas.
908 3911 975 3971 lusu
995 3913 1096 3972 malus
1117 3911 1232 3993 opinor.
1270 3905 1330 3964 Gen,

224 4011 458 4091 Qualiscumque
477 4029 566 4084 sum,
596 4009 738 4072 lulianus
760 4029 839 4071 sum.
900 4011 965 4070 Jul.¹
1008 4011 1096 4089 Quin
1116 4023 1152 4073 tu
1171 4013 1256 4090 nugas
1272 4005 1327 4062 itm

224 4113 329 4196 missas
351 4109 439 4182 ison,
458 4121 494 4168 ac
516 4109 601 4169 fores
624 4105 748 4190 aperis?
789 4108 852 4170 nisi
872 4109 1124 4199 mauisjeffringi.
1166 4105 1243 4188 Quid
1260 4099 1326 4162 mul·

223 4210 264 4270 tis
282 4228 362 4288 opus
382 4207 450 4270 asti
491 4208 579 4269 vides
600 4208 772 4288 cujusmodi
790 4209 902 4268 ducum
922 4209 1071 4272 comitas?
1114 4213 1182 4270 Pet.
1205 4196 1326 4266 snau-
1383 4199 1384 4202 ’

170 4386 172 4391 .
223 4305 283 4368 deo
297 4307 434 4366 latrones
454 4304 732 4370 exercitatissimos.
771 4309 892 4371 Verum
911 4327 953 4372 nc
971 4309 1014 4370 sis
1038 4309 1168 4387 inscius,
1193 4307 1247 4369 hue
1260 4300 1325 4362 f⁰t⁰⁸
