2840 4718
100 313 320 406 ,Μ’
493 327 1033 396 ·0nA¹rto'

203 504 278 550 rum
295 503 373 568 opes
390 477 543 567 quantum
571 485 737 564 attriverit,
765 497 888 552 tentum
914 487 1039 552 auxerit
1070 507 1146 572 opes
1172 485 1334 552 Ecclesiae

206 587 300 661 Sciat,
319 586 364 646 ita
392 607 461 648 rem
480 586 687 648 Christianam
713 589 897 671 propagari,
937 611 1002 652 non
1023 589 1062 666 si,
1088 589 1334 671 ¹flagitiosissimis

206 675 331 750 adiutos
360 686 477 767 copiis,
522 705 634 768 magna
659 687 831 750 'Christiani
860 689 1018 770 sanguinis
1036 686 1155 770 jactura
1161 729 1174 760 ,
1216 707 1334 750 summa

205 786 401 847 Christianae
421 786 504 868 pacis
522 786 717 863 turbatione,
756 788 932 872 plusculum
963 787 1149 870 oppidorum
1170 789 1333 868 tyrannide

203 896 325 968 premat
344 887 503 948 Romanoa
513 886 669 975 pontifex,
690 887 746 948 sed
760 888 787 948 si
802 888 864 950 late
878 879 989 970 regnet
1002 888 1157 952 inanimis
1172 887 1332 950 hominum

202 987 332 1068 spiritus
350 997 439 1063 tuus,
458 987 513 1067 qui
534 985 623 1048 docet
642 999 766 1048 terrena
785 987 879 1062 hacc,
900 992 958 1070 pro
979 988 1091 1068 quibus
1112 987 1234 1048 ethnici
1254 989 1334 1048 coeci

203 1087 429 1170 digladiantur,
450 1105 510 1168 pro
530 1084 631 1146 nihilo
651 1085 773 1148 ducere.
815 1088 931 1150 Saltem
953 1086 1003 1148 his
1022 1087 1120 1165 malis,
1146 1109 1230 1169 quae
1247 1089 1333 1162 vidit,

201 1187 309 1261 sensit,
332 1186 439 1248 docttn
456 1186 625 1268 resipiscat,
649 1195 679 1246 et
698 1187 860 1268 intelligat,
880 1207 971 1268 quam
983 1207 1049 1260 nen
1068 1186 1147 1248 site
1167 1207 1206 1248 re
1228 1189 1334 1250 Ponti·

145 1367 146 1372 η
183 1273 317 1360 vficum,
337 1287 507 1348 secularem
528 1285 744 1347 administrare
763 1287 924 1347 ditionem.
964 1287 1078 1348 Procul
1093 1287 1178 1348 hunc
1192 1289 1332 1349 fororem

204 1393 401 1448 evenat-tua
421 1385 634 1447 misericordia
654 1387 692 1447 ab
716 1387 820 1446 animo
842 1385 989 1468 pastoris,
1026 1397 1063 1448 ut
1083 1389 1124 1448 ob
1143 1388 1333 1450 mundanam

203 1489 374 1560 ditionem,
394 1503 487 1566 quam
507 1503 571 1546 non
592 1487 684 1568 pauci
703 1485 833 1568 gentiles
853 1487 947 1566 paulo
972 1485 1159 1547 cordatiores
1178 1487 1234 1550 rel
1246 1487 1333 1548 refu-

204 1595 317 1674 gerunt
331 1585 384 1650 vel
402 1584 620 1665 deposuerunt,
643 1607 684 1647 ne
695 1598 767 1646 tuus
788 1585 924 1646 vicarius
943 1586 1151 1662 omniabcllo,
1173 1587 1332 1666 sanguine,

119 1721 122 1727 ·
204 1689 298 1752 caede
317 1685 519 1769 permisceat,
538 1694 583 1760 ut,
605 1686 660 1765 qni
679 1696 734 1747 tuo
753 1687 897 1767 exemplo
917 1687 1002 1767 pacis
1024 1685 1130 1746 omine
1148 1686 1263 1746 salutm
1277 1706 1332 1766 pc-

200 1791 323 1876 pulam,
345 1784 463 1866 neipse
478 1784 586 1845 faxsit
599 1784 685 1862 belli,
698 1794 739 1862 et,
760 1784 847 1866 cujus
868 1798 943 1862 crat,
964 1785 1155 1847 Christianos
1176 1786 1332 1866 principer

201 1891 285 1954 bella
309 1885 392 1948 forte
413 1883 575 1944 molientes
601 1884 788 1946 authoritate
813 1904 869 1945 aua
892 1904 1102 1967 compescere,
1121 1904 1163 1944 ne
1184 1884 1213 1944 is
1233 1885 1332 1946 modis

202 1988 346 2052 omnibus
366 1993 511 2062 conetur,
538 1984 700 2046 universos
727 1983 897 2046 Christiani
927 1985 1065 2046 nominis
1096 1984 1256 2065 principes
1293 1985 1332 2046 ad

200 2084 495 2176 periculosissimum
515 2084 634 2146 bellum
662 2101 728 2142 non
759 2085 894 2145 excitare
909 2085 1012 2160 modo,
1035 2103 1147 2146 verum
1168 2084 1264 2144 ctiam
1280 2105 1332 2144 co-

200 2209 284 2274 gere.
324 2184 474 2266 Alioqui,
507 2183 535 2244 si
556 2181 625 2262 quia
645 2193 769 2262 praeter
788 2185 866 2245 vitia
885 2172 980 2245 ho'etis
1000 2197 1046 2244 est
1065 2181 1229 2257 Ecclesiae,
1252 2185 1329 2264 quis,

199 2309 288 2372 rogo,
310 2282 515 2367 perniciosior
532 2281 638 2357 hostis,
662 2301 754 2361 quam
770 2285 919 2344 Pontifex
931 2284 1070 2366 impius?
1106 2284 1186 2362 Quis
1202 2285 1331 2344 Sultha·

201 2411 261 2451 nna
282 2397 403 2447 tantum
423 2382 531 2464 stragis
553 2383 652 2443 infert
673 2383 784 2444 ovibus
805 2386 883 2458 tuis,
903 2395 1053 2464 quantam
1066 2393 1172 2464 pastor
1192 2383 1257 2444 tuis
1278 2404 1330 2444 or-

201 2501 293 2554 natus
310 2485 426 2560 titulis,
449 2494 605 2545 caeterum
632 2481 733 2542 modis
754 2485 897 2544 omnibus
922 2484 1034 2566 lupum
1062 2481 1178 2564 agens?
1220 2483 1329 2556 Immo,

200 2589 270 2673 quis
292 2605 390 2673 aeque
412 2583 559 2665 pestilens
580 2581 797 2658 Antichristus,
819 2603 909 2663 quam
921 2601 1059 2644 summus
1071 2582 1227 2643 Ecclesiae
1240 2583 1331 2663 prin-

200 2709 282 2771 ceps,
302 2684 368 2767 qui,
389 2683 438 2745 tui
450 2669 787 2744 nominis'authoritate
806 2683 956 2758 sublimis,
977 2683 1064 2745 Petri
1084 2695 1120 2742 ac
1138 2681 1232 2742 Pauli
1253 2685 1349 2744 titu-⁴

199 2791 240 2854 lis
261 2784 507 2858 commendatus,
525 2783 587 2843 tuis
608 2782 767 2842 decoratus
787 2781 977 2864 insignibus,
1013 2784 1074 2848 tuis
1093 2792 1231 2842 armatus
1252 2785 1331 2865 legi-

198 2889 268 2957 bus,
289 2883 434 2944 omnibus
446 2883 496 2944 his
516 2882 662 2956 abutitur,
685 2882 723 2942 ad
745 2903 790 2957 ea,
812 2903 891 2964 quae
906 2883 962 2942 tibi
983 2891 1099 2962 tuoque
1116 2882 1243 2962 spiritui
1258 2865 1330 2944 sunt

125 2991 126 2994 ’
198 2986 342 3059 inimica,
378 2993 411 3044 et
434 2984 491 3044 sub
520 2981 707 3064 protectoris·
723 3001 854 3062 persona
874 2981 1087 3062 populatorem
1109 2982 1186 3062 agit,
1227 2994 1267 3044 ut
1287 2985 1331 3044 ibi

198 3094 330 3152 vocetur
348 3083 503 3157 Ecclesia,
524 3083 745 3162 ubisynagoga
760 3090 804 3142 est
821 3079 1004 3142 Satiranse‘l'
1016 3080 1062 3141 ihi
1082 3080 1225 3143 Christus
1237 3103 1331 3163 prae·

197 3187 359 3257 tendatur,
380 3183 434 3244 ubi
454 3182 537 3242 nihil
556 3181 625 3241 nisi¹
640 3180 732 3240 caro?
773 3192 867 3260 utque
893 3201 1008 3241 nomen
1037 3181 1186 3242 haeretici
1215 3183 1251 3242 in
1278 3203 1329 3244 eos

145 3285 150 3301 ’
198 3285 394 3372 potissimum
417 3281 645 3362 detorqueatur,
665 3280 719 3359 qui
741 3301 818 3360 pure
839 3281 1024 3360 fortiterque
1034 3281 1136 3341 velint
1150 3301 1217 3341 esse
1234 3255 1329 3342 dhri-

198 3385 300 3450 stiani.
343 3384 484 3461 Quaeso,
507 3381 534 3440 si
556 3381 766 3462 serpensille,
788 3381 1154 3454 veruahostistuornm,
1193 3382 1230 3442 id
1249 3383 1327 3443 velit

167 3489 170 3500 “
198 3487 391 3557 extinctum,
414 3479 498 3561 quod
518 3489 554 3540 tu
572 3479 756 3554 condidisti,
780 3501 883 3560 *quem*
896 3480 1073 3542 ministrum
1095 3489 1205 3563 optare
1234 3482 1329 3563 possit

196 3586 238 3648 ad
257 3586 335 3646 haec
354 3581 451 3662 magis
470 3578 628 3651 idoneum,
650 3599 742 3658 quam
764 3599 851 3653 eum,
872 3579 906 3640 in
928 3597 989 3661 quo
1011 3601 1132 3642 summa
1157 3582 1328 3642 authoritas

197 3703 269 3747 cum
291 3703 411 3744 summa
432 3679 609 3760 inpietate,
632 3677 747 3739 Christ-i
770 3679 909 3760 majestas
940 3693 1012 3742 cuns
1032 3681 1095 3742 vita
1115 3681 1271 3742 diabolica
1290 3681 1328 3744 sii
1409 3677 1410 3696 ¹

196 3786 349 3866 copulata,
372 3789 408 3842 ut
420 3789 539 3839 terrere
552 3778 649 3857 possit
659 3778 809 3853 infirmos,
824 3780 934 3840 fallere
948 3779 1112 3860 simplices,
1124 3800 1326 3862 corrumpere

195 3885 383 3960 mediocres,
403 3878 554 3958 improbis
575 3877 669 3936 abati.
691 3880 966 3954 *Exonera,‘losu,
988 3882 1110 3940 Iulium
1124 3893 1191 3940 tam
1211 3882 1325 3940 intole-

194 3983 302 4046 randis
322 3977 523 4060 negociorum
544 3975 701 4051 sucinis,
719 3978 830 4057 quibus
851 3979 956 4056 homo,
978 4001 1042 4041 non
1062 3991 1161 4040 aetate
1195 3991 1324 4053 tantum,

194 4101 307 4162 verum
329 4079 422 4138 etiam
438 4075 540 4137 'runis
551 4075 668 4137 morbis
685 4096 790 4152 senex,
812 4079 938 4160 indigne
949 4080 1111 4159 premitur,
1133 4089 1172 4140 nt
1184 4081 1326 4160 aliquan-

196 4181 236 4242 do
256 4194 315 4260 per
335 4175 507 4237 mundanas
526 4173 742 4254 occupationes
761 4189 850 4240 vacet
867 4181 988 4242 'intueri
1007 4196 1154 4263 scopum,
1176 4201 1272 4260 quem
1290 4189 1324 4240 ta

190 4275 403 4366 ¹sicariistnis
424 4271 622 4356 proposuisti,
643 4273 902 4362 uidelicet,·nih‘il
923 4279 1007 4364 aliud
1030 4297 1093 4340 esse
1110 4283 1322 4362 spectandum,
