2846 4716
191 276 283 374 nsr
495 277 1020 344 curuansrnrs

194 436 275 496 misc
295 435 381 517 ipsae
401 457 477 498 vcro
501 437 625 517 puellas
645 436 783 498 slemism'
798 437 890 498 vulta
905 433 1209 511 'rubebant'omneq
1239 447 1325 500 taren

105 571 112 588 ·
193 543 267 600 baut
285 547 398 598 tamen.
438 539 560 596 Hermo.
579 536 699 612 Foeda,
719 537 764 598 ita
786 557 837 597 me
857 539 941 598 Deos
964 539 1043 598 bene
1062 547 1161 612 amet,
1181 557 1248 598 res:
1267 556 1326 619 ego

195 637 334 717 profecto
350 635 446 716 virgis
466 637 592 717 publice
608 657 728 698 caesum
749 657 789 696 ac
807 639 904 698 altera
925 638 1055 698 abscissa
1069 657 1147 699 aure
1165 657 1245 717 pago
1260 637 1328 716 eje·-

194 736 320 813 cissem3
349 745 380 795 et
399 735 473 796 huic
493 736 643 796 nebuloni
664 737 843 818 turpissimo
862 757 962 819 prope
992 737 1222 819 supplicassem.
1264 737 1329 796 Sed

194 837 288 908 heus,
310 839 433 910 Brimo,
456 846 540 896 estne
561 851 592 896 et
612 838 734 917 reliqua
752 837 845 918 hujus
864 836 1000 898 Romani
1018 838 1110 916 legati
1131 836 1257 896 familia
1274 835 1331 896 isti

193 935 301 996 lenoni
324 934 535 1015 impurissimo
556 935 691 997 similis'l
713 940 810 999 Puer.
838 937 1021 999 Uniusmodi
1040 937 1183 1017 prolecto
1211 955 1329 1010 omnes,

194 1047 286 1116 atque
306 1035 383 1094 adeo
406 1045 536 1115 propter
558 1047 662 1116 stupra
692 1037 905 1119 adulteriaque
926 1057 961 1096 ae
980 1037 1103 1116 reliqua
1121 1036 1243 1096 scelere
1263 1055 1328 1094 nou

194 1135 286 1196 modo
309 1134 383 1194 odio
402 1147 634 1216 prosequuntur
654 1156 672 1196 e
693 1137 821 1213 civibus,
846 1155 954 1200 verum
975 1135 1067 1196 etium
1091 1136 1124 1197 vi
1145 1134 1332 1212 atquetelis.

194 1237 315 1294 Hanno.
336 1232 466 1308 Mirum,
490 1233 574 1314 quod
587 1233 664 1294 haec
675 1237 864 1317 magistratus
874 1237 1051 1317 patientum
1068 1255 1107 1294 ex
1117 1234 1178 1294 hac
1187 1247 1276 1294 certe
1284 1231 1332 1293 ia·-

195 1334 282 1394 milia
311 1333 457 1394 dominus
484 1334 551 1414 ipse
578 1335 672 1415 plane
702 1339 906 1417 cognoscitur.
948 1332 1079 1409 Audivi,
1108 1334 1266 1415 quaedam
1287 1333 1331 1392 ita

195 1433 309 1500 dixisse
330 1433 407 1492 olim
429 1431 666 1518 philosophum,
695 1437 800 1516 quales
820 1437 855 1495 in
875 1435 1036 1516 republica
1056 1435 1217 1516 principes
1248 1444 1331 1508 suut,

195 1535 270 1594 tales
293 1533 430 1614 reliquos
450 1553 518 1593 esse
536 1534 637 1594 solere
659 1534 751 1595 cives.
796 1539 891 1596 Puer.
909 1535 1118 1616 Philosophus
1131 1545 1224 1596 uatus
1244 1543 1330 1607 tues,

56 1684 62 1700 ,
193 1634 335 1698 Hermo?
376 1635 500 1693 Heme.
520 1633 611 1694 Licet
629 1633 838 1716 Philosophus
852 1655 916 1696 non
938 1633 1018 1709 sim,
1045 1634 1106 1694 hoc
1137 1633 1204 1694 scio
1224 1626 1331 1694 tamen

195 1743 226 1795 et
245 1745 438 1813 compertum
462 1753 521 1793 usu
542 1733 650 1793 habeo.
690 1735 862 1815 Papo-quis
884 1734 936 1796 hic
957 1744 1016 1809 est,
1036 1753 1057 1794 o
1077 1733 1203 1809 Bruno,
1233 1753 1330 1813 quem

194 1834 495 1914 appropinquantem
515 1831 626 1907 video,
647 1832 808 1894 hominem
829 1845 945 1895 statura
964 1836 1075 1915 longa,
1114 1835 1216 1894 serico
1235 1831 1333 1893 iudu-

195 1943 279 2006 tum,
318 1933 403 2012 pileo
420 1932 576 2007 rotundo,
617 1931 715 1994 instar
734 1933 813 1993 hirci
837 1935 1016 2006 barbatum,
1058 1933 1210 2014 plurimas
1233 1953 1333 1990 mesu

194 2028 295 2094 bullas
322 2041 497 2112 gerentem,
539 2032 640 2112 ipsum
666 2033 781 2113 opinor
809 2055 873 2094 esse
899 2034 1044 2115 legatum.
1103 2036 1201 2092 Puer.
1224 2033 1254 2091 ls
1274 2041 1332 2103 est,

188 2143 431 2214 ‚praeceptorum
443 2131 517 2193 vide
532 2131 574 2192 sis
598 2152 732 2207 memor,
756 2133 888 2194 Henno!
915 2137 1057 2213 negatus
1070 2135 1243 2194 Remmius.
1270 2130 1334 2190 Ni-

195 2233 276 2293 miae
297 2249 391 2292 curse
441 2230 601 2311 nimisque
625 2231 802 2293 sollicitudo
823 2255 888 2294 non
916 2233 1023 2294 sinunt
1049 2250 1101 2292 me
1148 2249 1209 2294 nec
1234 2239 1333 2291 noctu

194 2331 427 2413 conquiescere,
456 2351 514 2392 nec
533 2330 680 2392 interdiu.
720 2331 813 2392 Adeo
827 2343 952 2413 praeter
980 2351 1144 2405 nauseam,
1170 2351 1268 2412 quam
1290 2349 1333 2390 ex

193 2433 298 2494 Dauia
319 2430 475 2504 contraxi,
496 2439 528 2491 et
547 2430 603 2490 ille
623 2430 713 2491 bolus
733 2441 888 2494 extractus
909 2433 1053 2494 faucibus
1074 2432 1156 2492 male
1175 2451 1230 2491 me
1253 2449 1333 2491 cru-
1418 2471 1419 2504 ,

195 2532 272 2606 cist,
293 2530 337 2591 its
358 2532 480 2592 ferente
501 2531 583 2592 mela
602 2531 736 2593 ihrtuna.
777 2531 907 2612 Elapsua
929 2532 1014 2592 euim
1035 2531 1333 2612 achiepiscopatus,
1418 2505 1419 2595 l

194 2645 286 2712 quem
307 2630 342 2689 in
362 2631 440 2691 meis
459 2630 609 2704 manibus,
629 2631 949 2714 pulchre‘ex'cogltato
969 2633 1009 2694 ad
1029 2631 1064 2692 id
1084 2632 1206 2706 medio,
1227 2650 1334 2712 prope

193 2730 307 2792 habui:
330 2731 440 2793 amisse
460 2731 573 2791 deiude
592 2731 641 2813 (iu
663 2731 747 2812 quod
770 2732 873 2792 miuus
893 2751 969 2794 curo
991 2741 1111 2806 tamen,
1137 2729 1267 2811 quando
1288 2730 1333 2789 il-

193 2830 258 2891 linc
279 2827 423 2892 resarciri
455 2821 620 2912 potuisset,
658 2830 806 2912 quicquid
827 2829 879 2891 hic
899 2819 1056 2914 perditum
1081 2840 1164 2899 erat,
1199 2829 1332 2911 etquis

195 2949 261 2990 non
283 2927 452 3003 tem-mihi,
473 2951 565 3010 quam
588 2929 727 3012 pontifici
745 2929 1150 3014 periltr)ingentipecunia,
1169 2945 1269 3008 quam
1290 2927 1332 2992 ad
1416 2985 1417 3000 ,

192 3036 379 3088 structuram
407 3024 494 3089 felici
520 3031 637 3111 alioqui
658 3030 738 3090 mihi
750 3029 826 3091 ¹«livi
841 3031 942 3092 ··Petri
962 3031 1105 3092 basilisse
1122 3029 1334 3110 diligentissi·

191 3147 242 3188 me
262 3147 281 3186 s
300 3127 400 3187 Daris
420 3128 588 3209 Suecisque
599 3118 648 3191 vall
667 3130 779 3210 viginti
798 3117 1099 3192 millia‘ducatorum
1127 3126 1330 3212 collegeram,

191 3247 242 3287 me
261 3226 320 3289 vix
340 3228 415 3308 fuga
435 3227 590 3289 elabente:
609 3247 688 3308 quae
706 3231 783 3292 adeo
803 3243 911 3294 contra
930 3231 979 3313 jus
997 3231 1135 3313 gentinus
1158 3229 1331 3292 adversum

189 3345 241 3390 me
261 3344 321 3387 rex
341 3327 398 3390 ille
418 3328 567 3389 barbarus
588 3331 713 3392 molitus
734 3341 797 3406 est,
838 3351 910 3393 cnm
931 3331 1070 3414 primum
1089 3317 1197 3392 temen
1229 3330 1331 3390 auve-
1415 3341 1416 3409 l

189 3428 328 3488 aientem
347 3426 572 3498 humanissime
592 3429 764 3511 exceperit,
803 3433 948 3512 angelum
976 3431 1061 3514 pacit
1082 3430 1241 3490 affirmans
1261 3447 1329 3488 esse

189 3547 254 3587 me:
276 3537 313 3586 ut
333 3525 390 3608 qui
407 3528 528 3589 nullam
549 3529 704 3591 venissem
724 3530 800 3590 illuc
822 3531 915 3590 aliem
934 3531 974 3592 ob
994 3549 1135 3604 eausam,
1150 3535 1258 3609 “quam
1279 3539 1325 3602 ut,

188 3647 264 3709 pace
283 3636 442 3708 utcunque
463 3628 546 3690 inter
568 3629 713 3692 barbaros
733 3631 911 3713 composita,
940 3630 1046 3692 omnia
1066 3628 1327 3708 tranquillissime
1414 3647 1415 3681 Q

185 3727 368 3789 redderems
410 3747 476 3816 quq
502 3728 631 3788 nomine
661 3729 735 3789 satia
757 3749 906 3813 prospere
924 3739 1081 3791 venerunt
1098 3729 1183 3812 apud
1206 3730 1324 3802 Dauos,

185 3828 328 3889 homiues
348 3835 381 3888 et
409 3826 564 3907 simplices
606 3837 638 3887 et
659 3821 810 3907 religioni
835 3828 990 3905 addictos,
1025 3827 1195 3890 admodum
1216 3827 1325 3887 indul-

183 3928 307 4008 gentiae
327 3943 416 3988 meae
448 3945 484 3986 ac
502 3925 644 4006 reliquae
664 3947 740 4007 quas
763 3921 868 4006 habui,
889 3929 1067 4004 facultates,
1085 3913 1089 3920 ’
1107 3927 1187 4008 quin
1211 3935 1243 3988 et
1265 3945 1326 3987 rex

184 4027 251 4106 ipse
271 4035 396 4106 quoque
417 4026 510 4106 digna
531 4037 618 4086 etse
648 4039 679 4088 et
698 4028 849 4092 Postlllce
878 4027 1021 4090 Maximo
1047 4025 1216 4108 hospitalia
1234 4025 1323 4086 eim

183 4123 264 4200 gitus
286 4133 332 4183 est
352 4141 498 4199 munera,
525 4143 588 4206 qua
612 4127 824 4192 benivolentia
867 4129 1071 4209 comitateqne
1099 4127 1227 4188 illectus
1253 4143 1320 4206 ege,
1412 4137 1413 4225 l

183 4220 216 4277 in
238 4222 379 4279 strenam
404 4223 528 4299 ahiem,
549 4215 696 4303 fratrem,
741 4249 844 4309 quem¹
864 4229 961 4292 hebui
984 4237 1120 4302 mecum,
1163 4223 1320 4288 Mediola-
