2866 4724
399 290 943 370 nuscunvraou.
1170 305 1232 374 311

22 435 24 498 l
106 471 144 532 da
164 431 291 528 Biblia'l
352 470 442 546 Mag.
461 467 528 526 Ort.
572 467 683 528 Sancta
702 466 820 540 Maria,
850 462 929 526 bene
947 463 1137 544 scio,rquod
1154 484 1229 527 uon.

104 575 194 648 Mag.
211 571 294 645 Lup.
317 567 353 632 Si
372 567 499 626 daretur
518 586 581 626 uua
599 565 726 646 positio,
745 565 798 626 vel
819 564 859 625 de
878 564 1023 645 praemiis
1043 577 1251 658 sanctorum&

105 669 154 730 vel
176 676 282 727 utrum
303 667 388 724 Deus
408 665 485 724 sciat
514 685 620 724 omnes
646 665 765 745 pulices
792 675 823 726 et
847 685 953 724 omnes
972 663 1144 746 pediculos,
1174 665 1229 744 qui

104 777 248 826 creantur
278 763 416 844 quotidie
446 761 633 822 Parrbisiis?
675 761 817 839 creditis,
851 763 934 844 quod
955 763 1014 844 ipsi
1034 753 1157 844 possbut
1177 786 1228 825 ar·
1279 817 1286 827 ,
1334 790 1336 800 ’

104 883 197 945 gnere
215 884 273 944 pro
288 874 318 923 et
334 863 460 922 contra?
482 865 573 941 Maga
590 864 683 942 Cinga.
704 860 767 942 Ipsi
787 863 926 924 facerent
945 885 1014 922 suas
1034 865 1135 922 febres
1152 885 1228 943 qua·

103 976 214 1026 ternas.
233 965 323 1041 Mag.
342 961 406 1020 Ort.
428 963 531 1042 ltaque
540 972 667 1042 possunt
675 964 910 1042 eosimportare.
934 965 1114 1042 Meg-Lala.
1136 961 1228 1024 Certe

101 1071 207 1143 parcat
220 1060 300 1120 mibi
313 1061 476 1120 altissimus
482 1104 496 1150 ,ι
498 1061 530 1140 si
544 1081 598 1141 ego
605 1080 714 1141 peec03
728 1063 782 1120 sed
791 1084 847 1143 ego
855 1062 984 1138 vellem,
1008 1062 1090 1142 quod
1098 1059 1150 1120 isti
1159 1083 1228 1120 om-

101 1183 156 1222 ues
170 1160 377 1222 latiniaatores
391 1169 490 1218 essent
500 1159 532 1218 in
551 1160 708 1240 profundo
720 1159 854 1234 inferni,
875 1161 958 1222 unde
977 1182 1135 1240 nunquam
1157 1182 1228 1241 pos-

97 1235 169 1320 'scnt
191 1241 342 1320 revenire.
382 1263 472 1336 Mag.
492 1260 587 1340 Giag.
625 1261 736 1320 Sancta
756 1260 873 1333 Maria,
894 1260 986 1320 etiam
1007 1260 1147 1338 Magistri
1170 1281 1227 1320 no-

101 1359 157 1418 stri
179 1359 217 1416 de
234 1354 415 1426 Parrbisiis‚
438 1358 493 1436 qui
514 1359 638 1439 sapiunt
657 1380 786 1439 arguere
807 1372 869 1418 tam
886 1357 1104 1433 artificialiter,
1126 1361 1226 1440 etqui

100 1468 173 1518 snut
195 1459 271 1517 adeo
291 1458 460 1518 illuminati
481 1469 512 1516 et
532 1459 642 1531 aeleri,
669 1468 699 1518 et
719 1458 908 1524 reuomiuati
928 1478 985 1538 per
1006 1478 1111 1518 omnes
1130 1479 1227 1537 angu-

99 1559 147 1617 los
168 1566 286 1630 terrae,
317 1557 436 1617 faciunt
455 1557 554 1631 male,
589 1557 672 1637 quod
691 1577 756 1635 uon
777 1557 973 1618 confundunt
999 1557 1072 1620 istos
1092 1557 1227 1617 aiaania-

100 1668 192 1716 teres.
255 1661 347 1736 Mag.
370 1655 437 1716 Ort.
496 1659 582 1716 Jesus
607 1656 726 1729 Maria,
767 1653 832 1716 nou
859 1666 996 1738 oportet,
1041 1655 1103 1716 nisi
1123 1657 1226 1716 facere

99 1777 195 1814 unam
215 1776 360 1835 parvam,
381 1775 508 1835 parvam
531 1756 739 1832 quaestionem
762 1765 868 1820 contra
887 1754 980 1815 istum
1000 1755 1225 1816 latinizatorem
1320 1831 1322 1842 ἱ

99 1857 279 1928 Erasuauus,
309 1855 392 1934 quod
412 1854 478 1934 ipse
505 1864 582 1924 esset
602 1854 703 1914 statim
724 1855 761 1914 ad
784 1865 896 1914 metam
918 1874 982 1914 non
1003 1854 1098 1932 loqui.
1134 1860 1224 1934 Mag.

100 1957 185 2041 bap.
209 1953 357 2025 Creditis,
379 1954 462 2032 quod
481 1953 541 2034 ipsi
561 1955 659 2014 sciant
678 1954 797 2032 aliquid
817 1952 1115 2018 fundamentaliter?
1136 1959 1226 2033 Mag:

102 2052 525 2132 Girsg.b‘undame11taliterl
565 2054 651 2118 Iesus
670 2053 789 2127 Maria,
829 2052 864 2112 iu
883 2054 963 2120 bona
983 2057 1127 2126 veritate,
1170 2075 1226 2134 ego
1260 2115 1264 2124 ,
1334 2081 1337 2085 ·

98 2155 246 2214 auderem
269 2153 345 2211 bene
361 2171 479 2231 ponere
500 2162 591 2230 caput
614 2173 733 2226 meum,
767 2151 850 2234 quod
871 2152 931 2231 ipsi
951 2173 1014 2213 non
1034 2153 1133 2213 sciunt
1155 2173 1225 2212 suos

98 2254 266 2326 terminos,
302 2271 402 2330 neque
424 2271 493 2310 suas
514 2252 700 2324 summulas,
730 2261 761 2314 et
781 2250 935 2330 quomodo
956 2260 1079 2332 possent
1093 2251 1153 2330 ipsi
1174 2272 1225 2310 re-

97 2351 275 2433 spondere?
345 2354 436 2428 Mag.
468 2350 535 2408 Ort.
597 2350 749 2432 Creditis,
791 2349 875 2429 quod
895 2349 991 2410 sciant
1012 2349 1224 2430 syllogismos?

98 2455 191 2529 Mag.
203 2453 285 2527 an.
326 2449 485 2523 Creditis,
513 2449 596 2526 quod
616 2449 676 2529 ipsi
696 2448 793 2508 sciant
813 2449 979 2512 elenchos?
1019 2453 1110 2528 Mag.
1127 2450 1224 2526 Ging.

98 2551 250 2624 Creditis,
267 2549 355 2629 ⁴quod
376 2549 437 2628 ipsi
455 2550 552 2607 sciant
573 2549 832 2629 praedicamenta,
852 2548 1092 2629 praedicabilia?
1134 2553 1224 2628 Mag,

101 2654 169 2708 Ort.
237 2647 385 2723 Creditis,
426 2648 509 2728 quod
535 2649 596 2728 ipsi
616 2668 751 2728 unquam
772 2646 919 2708 viderunt
937 2649 1055 2733 aliquid
1075 2649 1113 2708 de
1134 2649 1225 2708 Ethi-

98 2750 164 2810 eis?
208 2753 299 2830 Mag.
315 2752 396 2825 Lup.
439 2748 479 2807 Et
499 2746 537 2809 da
559 2747 713 2828 Physica?
754 2751 845 2826 Mag.
862 2749 958 2828 Gurg,
996 2747 1035 2808 Et
1055 2748 1094 2807 de
1113 2748 1225 2828 sphae—
1329 2761 1333 2766 ’
1412 2719 1417 2726 .

96 2847 159 2909 rai
222 2852 312 2930 Mag.
336 2849 402 2910 Ort.
464 2848 505 2907 Et
525 2848 670 2910 decoelo
700 2857 731 2906 et
758 2848 897 2909 mundo?
943 2849 1134 2928 Megeup.
1176 2849 1225 2908 lta

97 2949 155 3022 da,
181 2947 243 3027 ipsi
266 2949 408 3008 fecerunt
425 2968 494 3008 suas
513 2948 616 3014 febres
636 2958 807 3027 quaternas.
866 2949 958 3026 Mag.
977 2949 1071 3026 Cing.
1134 2949 1225 3026 Quae
1316 3025 1320 3035 ι

97 3059 227 3128 possunt
247 3047 290 3106 ais
315 3047 447 3125 religare
473 3067 581 3120 venas,
619 3046 803 3111 zelosissime
822 3047 969 3126 Magister
988 3059 1092 3107 noster
1113 3046 1224 3108 Ortui-

97 3166 158 3218 ue,
187 3165 243 3224 ego
262 3167 384 3225 possum
406 3144 520 3204 babere
541 3156 585 3209 tot
603 3146 776 3226 pediculos,
806 3159 883 3228 quot
903 3147 1224 3226 earuilicesoccidunt

97 3253 168 3324 post
186 3245 302 3303 Pascha
327 3245 456 3316 vitulos,
496 3245 523 3303 si
549 3245 609 3326 ipsi
637 3245 739 3329 sciunt
766 3247 805 3308 de
829 3247 889 3308 hoc
910 3267 1006 3306 uuum
1029 3246 1222 3310 vocabulum.

97 3349 189 3423 Mag.
200 3345 265 3403 Ort.
286 3343 348 3423 Ipsi
357 3343 500 3403 derident
513 3362 578 3419 uos,
597 3346 668 3428 quia
681 3367 737 3405 nos
756 3367 821 3406 uon
842 3346 973 3404 dicimus
993 3365 1096 3425 grossa
1116 3345 1220 3418 verba,

96 3445 177 3503 sicut
196 3443 256 3520 ipsi
276 3443 402 3532 faciunt.
443 3445 534 3523 Mag.
552 3445 633 3522 Lup.
674 3445 743 3520 Ho,
777 3445 863 3512 Jesus
884 3444 1002 3516 Maria,
1039 3463 1095 3502 nos
1117 3443 1222 3524 loqui-

96 3563 169 3606 mur
190 3542 301 3601 melius
320 3543 487 3604 secuudum
508 3542 707 3616 Ciceronem,
729 3565 822 3625 quam
840 3543 899 3624 ipsi
921 3543 1048 3603 faciunt.
1110 3542 1220 3602 Cicero

95 3663 161 3701 non
184 3642 313 3702 habebat
333 3643 392 3702 nisi
416 3644 507 3704 verba
527 3643 742 3724 intelligibilia.
800 3643 861 3702 Sed
880 3642 932 3700 isti
953 3642 1096 3716 credunt,
1118 3661 1150 3700 se
1171 3639 1221 3700 fe·

95 3743 174 3802 cisse
196 3763 292 3801 uuum
314 3763 456 3822 magnum
477 3743 678 3826 miraculum,
713 3744 740 3802 si
766 3743 826 3823 ipsi
848 3737 995 3804 dixerunt
1014 3743 1112 3800 urium
1134 3758 1238 3818 gros--

94 3861 165 3903 sum
186 3842 378 3903 vocabulum.
418 3845 508 3922 Mag.
524 3843 618 3923 Θέας.
659 3844 697 3902 In
719 3843 798 3902 bona
817 3840 947 3902 veritate
964 3841 1040 3915 Dei,
1072 3839 1220 3919 Magister

94 3950 218 4008 noster:
241 3960 295 4018 ego
316 3941 384 4002 vidi
404 3941 482 4002 duos
501 3942 674 4022 Tbeologos
694 3941 826 4005 multum
847 3939 1020 4003 artificiales
1042 3939 1075 3996 in
1091 3938 1241 3998 Daren-¹

93 4042 174 4113 tria,
214 4061 348 4120 quorum
368 4059 448 4102 unus
468 4050 533 4102 erat
552 4039 699 4122 Magister
712 4051 834 4117 noster,
874 4042 953 4105 alter
975 4039 1133 4104 dicebatur
1154 4056 1219 4097 esse

92 4137 246 4218 Magister
265 4141 464 4217 nostrandus,
487 4150 517 4201 et
538 4139 597 4218 ipsi
617 4139 707 4200 ambo
728 4141 863 4216 sciebant
882 4140 962 4201 bene
982 4149 1048 4213 tot,
1068 4139 1147 4198 sicut
1166 4137 1218 4197 fa·

93 4236 185 4303 ciunt
205 4237 258 4300 isti
278 4240 420 4302 bufones.
460 4239 522 4306 Sed
535 4252 638 4304 tamen
657 4259 721 4302 uon
739 4241 884 4306 volebant
902 4239 1035 4324 allegare
1055 4237 1112 4300 ista
1132 4256 1219 4319 gros·
1313 4289 1318 4298 .
