2872 4722
380 354 925 431 OBSCUR.Y1ROR.
1157 359 1217 434 171

165 511 307 592 Parentis
329 511 428 586 mihi,
458 511 484 573 si
505 511 567 574 rint
582 511 662 588 ritie
684 511 717 592 in
740 511 809 578 istis
828 512 1032 587 carminibus,
1065 514 1139 596 quie
1158 516 1221 582 bn-

88 634 212 674 manum
234 623 281 674 est
301 632 426 686 errare,
461 611 630 688 secundum
644 611 888 692 Philosophum,
922 622 955 674 et
981 615 1098 680 debetis
1125 618 1221 678 etiam

65 711 206 793 ,aliquid
231 730 352 772 novum
378 710 491 774 adme
516 710 660 772 scribere.
722 711 838 772 Datum
865 711 900 771 in
922 713 1000 775 urbe
1019 713 1134 789 Roma,
1165 721 1221 780 ubi

86 823 157 874 sunt
176 809 337 882 mirabilia
356 830 466 894 poma,
500 830 578 889 quae
600 807 709 871 rustici
728 810 774 871 ibi
794 811 950 886 vendunt,
982 823 1013 874 et
1027 835 1086 896 per
1106 817 1222 882 libram
1260 861 1262 866 -

87 913 163 972 bene
195 909 356 992 pendunt,
396 909 476 972 sicut
506 929 563 990 ego
594 908 676 984 vidi,
719 918 750 977 et
779 931 837 991 per
862 912 1085 993 experientiam
1114 917 1221 982 didici.

88 1010 195 1074 Amen.

124 1175 175 1235 M.
198 1171 377 1252 Stephanus
405 1172 635 1236 Romadelantis
662 1177 712 1237 M.
741 1174 876 1236 Omnino
899 1178 1011 1241 Grctio
1037 1157 1180 1248 coiectante
1220 1263 1223 1276 ι

168 1306 338 1378 Celeriter,
358 1325 422 1366 non
442 1305 526 1368 facto
545 1309 765 1390 praeambulo,
798 1309 909 1370 hebeat
929 1311 1098 1378 dominatio
1118 1334 1223 1382 vestre

86 1409 181 1482 scire,
218 1404 373 1487 quomodo
401 1405 525 1472 noviter
554 1409 643 1474 venit
672 1409 735 1470 bno
764 1430 845 1471 unus
874 1412 994 1475 Ductor
1021 1417 1223 1503 Theologiee,

87 1508 141 1588 qui
162 1515 295 1578 vocatnr
313 1505 467 1580 Mutuom
488 1505 556 1584 ipse
577 1516 623 1567 est
641 1506 680 1574 de
692 1507 813 1572 Ordine
828 1511 858 1570 S.
869 1511 1037 1590 Francisci,
1059 1530 1090 1578 et
1103 1533 1149 1580 est
1161 1523 1224 1582 Su·-

85 1603 268 1688 perioriste,
288 1613 319 1661 et
338 1603 563 1683 praesupponit
582 1604 627 1666 ita
639 1593 762 1698 vnclis,
782 1610 866 1692 qnod
886 1631 951 1674 non
971 1616 1105 1679 creditis.
1161 1621 1224 1683 Di·

85 1714 183 1778 cunt,
210 1701 295 1783 quod
313 1700 389 1762 facit
409 1713 524 1774 cartas,
555 1713 586 1768 et
606 1705 660 1787 qui
683 1707 797 1772 ludunt
817 1708 850 1773 in
870 1709 934 1778 illis
956 1716 1065 1790 cartis,
1094 1718 1225 1783 'discunt

88 1799 331 1874 Grammaticam
351 1811 382 1862 et
402 1801 559 1881 Logicem.
618 1807 659 1867 Et
678 1807 852 1888 composuit
878 1830 977 1874 unum
1003 1816 1223 1898 ludnmsacaci,

6 1921 11 1928 ·
87 1903 124 1964 in
147 1923 212 1982 quo
232 1899 395 1962 trahuntur
416 1901 601 1980 quantitates
620 1907 818 2000 syllabamm.
880 1911 921 1974 Et
941 1918 1118 1995 praetendit
1144 1921 1224 1984 acino

86 2000 295 2074 Hominum,
324 2010 356 2066 et
375 2001 534 2080 componit
551 2023 659 2065 versos
678 2007 713 2072 in
734 2009 917 2072 Teutonico.
978 2017 1020 2077 Et
1039 2019 1121 2085 dixit
1143 2023 1225 2084 mibi

86 2121 186 2175 unus,
209 2098 294 2180 qnod
306 2097 378 2158 talis
393 2099 512 2160 Doctoc
530 2099 566 2162 in
588 2103 730 2166 omuibus
750 2108 867 2171 artibus
886 2112 944 2175 scit
963 2115 1091 2196 aliquid
1132 2121 1225 2184 Tunc

88 2221 144 2282 ego
166 2200 317 2274 audieus,
339 2198 424 2262 dixi:
465 2199 500 2260 in
521 2201 665 2272 omnibus
683 2205 820 2285 aliquid,
844 2209 880 2270 in
893 2220 957 2272 tcto
974 2215 1065 2276 nibil.
1106 2219 1146 2280 Et
1161 2234 1225 2281 ste-

87 2311 196 2364 terunt
217 2298 265 2359 ibi
285 2297 396 2378 aliqui,
419 2299 473 2379 qui
485 2300 631 2367 riserunt.
688 2304 743 2366 Est
762 2315 865 2370 autem
886 2309 942 2369 illc
962 2313 1082 2376 Ductor
1095 2337 1225 2400 magnus

87 2399 210 2460 amicus
230 2398 355 2462 Ioannis
367 2399 532 2472 Reucblin,
551 2398 702 2462 Diabolus
721 2404 891 2472 confundet
911 2427 991 2470 enm.
1032 2415 1098 2494 Ego
1119 2419 1225 2493 timeo,

87 2498 178 2580 quod
200 2495 297 2560 faciet
314 2495 366 2556 bic
387 2518 458 2560 cum
480 2496 646 2560 Canonicis
676 2511 707 2564 et
736 2503 807 2562 aliia
829 2505 975 2586 Clericis,
1019 2515 1103 2594 qnod
1131 2531 1225 2588 erunt

83 2619 152 2683 pro
169 2593 338 2658 Reuchlin.
375 2598 465 2660 Dixit
485 2619 588 2678 nuper
600 2601 706 2662 multis
724 2601 935 2682 audientibus,
956 2614 1040 2690 qnod
1054 2635 1135 2677 unns
1145 2639 1227 2699 puer

87 2705 196 2782 potest
215 2714 396 2777 cognoscere
416 2698 596 2772 ¹stultitiam,
619 2711 649 2764 et
663 2701 827 2787 lectarios,
850 2717 881 2766 et
893 2707 1025 2772 malitias
1046 2715 1227 2799 Theologu-

89 2817 163 2860 rnm
183 2794 420 2866 coloniensium
439 2807 471 2860 et
490 2818 617 2864 suornm
637 2799 887 2885 cohaerentium„
917 2809 1085 2892 Etjutevit
1101 2815 1140 2876 ed
1154 2839 1227 2884 satt-

92 2909 141 2958 ens
162 2903 359 2970 sanctorum,
382 2897 484 2976 quod,
506 2899 568 2976 pisi
588 2901 672 2982 Papa
685 2899 796 2965 hebeat
808 2905 1049 2986 advertentiam,
1083 2926 1114 2980 et
1129 2920 1229 2981 corri-

93 3005 143 3078 get
164 3015 218 3056 eoa
239 2993 279 3056 de
298 2994 356 3064 ille
377 3000 593 3076 perversitate,
631 3001 717 3082 quod
743 3004 802 3068 erit
827 3007 959 3072 schisma
979 3012 1014 3074 in
1038 3016 1175 3080 Ecclesia
1197 3030 1229 3082 et

93 3095 173 3157 Fide
193 3091 381 3158 Christiana.
443 3099 542 3178 Quia,
576 3097 604 3163 ai
631 3098 716 3183 l'apa
741 3107 892 3184 permittit
916 3111 989 3174 illos
1009 3113 1113 3179 facere
1142 3121 1226 3195 talia,

94 3214 188 3255 nemo
208 3202 316 3275 postea
334 3195 486 3271 studebit,
521 3209 552 3261 et
570 3218 663 3264 nemo
683 3202 827 3282 cogitabit
848 3205 917 3269 fieri
938 3211 1054 3274 doctus.
1115 3218 1156 3278 Et
1173 3239 1228 3279 eu*

94 3313 152 3376 per
173 3292 235 3354 boc
254 3292 352 3370 dixit,
372 3295 455 3377 quo'd
467 3299 624 3370 Rencblin
644 3321 707 3365 nno
727 3302 780 3364 die
798 3305 870 3386 plue
888 3321 989 3390 potest
1006 3314 1153 3394 prodesse
1166 3317 1229 3378 Ec-

97 3392 209 3454 clesiae
230 3393 310 3469 Dei,
327 3415 426 3476 apuam
445 3396 496 3458 isti
516 3398 637 3462 inimici
658 3401 769 3481 ejnsin
788 3415 912 3467 centum
932 3411 1030 3472 annis.
1070 3415 1111 3476 Et
1130 3417 1230 3482 dixitr

97 3493 219 3554 aiaunt
235 3493 312 3556 boni
332 3505 387 3556 eut
407 3497 484 3558 recti
507 3496 588 3574 viri,
623 3501 675 3562 vel
701 3501 816 3563 hebent
841 3501 952 3582 justam
973 3529 1097 3574 censam
1119 3528 1229 3580 contre

96 3592 274 3668 Reuoblin,
295 3613 476 3674 quatenoc
496 3607 592 3678 agunt
609 3619 668 3681 per
687 3600 745 3662 sel
774 3602 881 3679 Quare
891 3625 949 3686 per
969 3610 1156 3693 baptizatum
1171 3620 1229 3680 lu-

98 3691 211 3776 ciacum
236 3693 348 3758 volunt
377 3693 524 3774 expedire
550 3698 675 3779 negotia
698 3701 777 3762 sual
818 3703 860 3764 Et
883 3705 1005 3772 faciunt
1025 3713 1121 3776 libros
1140 3739 1230 3780 scan-

99 3790 281 3854 dalizetiros
302 3801 409 3882 contm
432 3795 524 3856 illum
551 3796 669 3865 bonum
696 3801 878 3879 Doctorerc,
918 3815 950 3868 et
979 3811 1156 3876 adscribunt
1176 3809 1243 3900 eos

99 3889 175 3952 hnic
194 3892 350 3980 trnfatori.
411 3894 446 3962 si
466 3906 544 3964 esset
562 3896 652 3978 pejor
674 3908 705 3962 ot
726 3903 920 3979 maledictior
939 3907 1035 3971 homo
1054 3935 1112 3996 per
1131 3925 1228 3980 totam

77 3992 293 4080 'Almaniam
331 3993 394 4075 ipsi
415 3994 507 4064 etiam
527 3997 692 4094 sociassent
711 3999 771 4062 sibi
789 4023 869 4067 eum.
932 4009 995 4072 seu
1016 4031 1080 4075 non
1101 4025 1146 4078 est
1166 4020 1230 4078 mi-

99 4110 187 4154 ram:-
214 4091 428 4172 QuiaSchlim
443 4095 567 4159 Schelnr
582 4099 703 4178 quaerit
721 4101 780 4170 aibl
800 4103 942 4169 similem.
985 4111 1152 4198 Tunc'ego
1163 4139 1230 4184 non

99 4191 191 4272 potui
210 4193 344 4275 emplius
363 4203 481 4271 tacere,
500 4198 555 4259 aed
574 4198 657 4264 diat:
678 4201 816 4266 Domine
834 4207 966 4287 flector,
987 4215 1119 4293 parcatis
1138 4219 1228 4296 mibi,

99 4289 256 4359 lebannes
270 4293 470 4374 Piefferkorn
486 4298 603 4372 ostric
622 4299 786 4380 honestus,
817 4319 848 4368 et
868 4319 914 4372 est
931 4310 1030 4380 tidelis
1048 4315 1230 4382 sollicitator
1335 4333 1342 4344 '
1430 4377 1431 4392 ,
