2840 4718
225 327 284 391 1v.
303 325 659 393 CONCILIABULUM
676 327 1092 395 'THEOLOGISTARUM
1166 327 1229 398 385

85 486 240 568 populum
254 511 268 560 ‚·
291 496 322 545 et
342 485 499 547 rebolrere
519 497 604 546 catus
625 485 859 548 conscientiae?
886 485 1065 559 similiter:
1080 485 1159 566 quis,
1172 485 1228 552 (le-

85 587 197 648 iendet
215 587 331 667 Papam
352 594 386 646 et
403 584 587 646 traditiones
608 584 789 660 bominum,
809 585 837 646 si
851 585 1140 648 volumus-illorum
1154 587 1227 648 fan-

86 687 181 746 tasias
198 672 363 767 recipere?
424 685 477 746 Aa
497 685 603 746 turcas
623 703 693 746 oum
721 685 789 746 istis
807 683 1012 746 mustacem,
1035 730 1038 741 .
1066 687 1132 766 Ego
1152 687 1226 750 nolo

84 785 189 868 potius
208 784 258 848 ire
278 785 318 847 ad
339 783 462 866 ignem,¹
481 785 719 864 quamstudere
739 781 859 845 inillis
879 785 978 846 novis.
998 787 1129 866 Hog'stt.
1146 787 1226 847 Dia-

83 886 189 962 bolus,
211 885 274 946 hos
295 905 351 966 ego
374 903 439 944 uon
455 883 570 946 vellem
590 885 709 964 facero3
730 901 787 964 ego
806 883 880 946 volo
899 905 1039 965 pugnare
1057 906 1115 966 pro
1138 888 1225 948 Doc-

83 995 154 1047 tore
176 987 289 1046 Sancto
305 1002 409 1065 'nsque
431 983 470 1044 ad
490 985 606 1065 ignem,
626 983 691 1046 sed*
704 983 883 1056 exclusivo,
902 1001 969 1044 non
990 983 1152 1062 inclusive,
1172 988 1223 1064 hs,

82 1085 142 1160 hs,
165 1085 223 1146 hai
265 1085 309 1147 Ut
337 1082 439 1144 sciatis
469 1093 590 1154 tamon,
627 1083 688 1164 ipsi
707 1103 772 1144 non
794 1081 923 1144 omnino
942 1097 1056 1164 negant
1074 1087 1223 1166 Logioam

83 1195 115 1246 et
134 1181 389 1267 Philosophiam,
422 1183 476 1244 sed
496 1183 619 1257 Manui,
648 1182 733 1263 quod
745 1201 802 1243 nos
823 1202 887 1246 non
906 1184 1147 1248 teimnnrillam
1167 1209 1220 1250 ve·

80 1305 151 1344 ram
172 1297 288 1356 anem,
316 1297 348 1344 et
370 1284 520 1345 hactenus
537 1281 621 1344 nihil
639 1282 803 1343 docuimus
825 1281 887 1342 nisi
916 1283 1077 1345 irascariss
1109 1298 1141 1346 et
1163 1288 1223 1349 tri-

83 1405 133 1444 cas
161 1396 194 1446 et
223 1384 459 1453 cavillationem·
500 1403 580 1462 quas
604 1401 669 1443 non
694 1382 897 1464 reperiuntur
915 1381 950 1443 in
972 1383 1155 1466 Aristotele:
1192 1399 1224 1450 et

81 1484 294 1546 venerabilem
315 1481 407 1544 illum
428 1484 557 1544 Petrum
574 1481 618 1544 do
639 1481 809 1562 spanheim
830 1490 862 1542 ct
884 1483 1081 1545 Tarnrstum
1102 1495 1133 1546 et
1160 1487 1223 1562 Co-

80 1584 189 1665 pulata
208 1593 242 1662 et
261 1583 382 1643 somnia
402 1583 551 1658 lisciano,
572 1581 628 1642 illa
652 1581 756 1641 omnis
775 1590 957 1666 pesspunnt.
978 1619 982 1626 ·
999 1584 1146 1646 Surrexit
1158 1585 1221 1666 jaus

80 1702 181 1758 nnus,
203 1683 260 1764 qui
279 1693 410 1745 vocetur
429 1682 594 1764 Philippus
612 1680 835 1755 Melancbton,
859 1681 898 1740 de
919 1700 988 1762 quo·
1003 1682 1221 1763 ipsimnltnm

80 1793 213 1844 tenent-s
256 1784 312 1843 ille
333 1781 410 1842 fecit
428 1801 524 1845 unam
544 1800 658 1843 noram
677 1781 824 1861 Logicsm
839 1793 871 1840 et
888 1801 985 1842 unam
1003 1801 1118 1846 novam
1134 1785 1222 1846 Rbe-

79 1884 231 1958 toricam‚
262 1894 293 1942 ot
312 1881 405 1957 dicit,
438 1883 521 1963 quod
541 1880 711 1942 Rhetorica
732 1881 774 1940 sit
792 1879 921 1946 dimidia
940 1877 1075 1963 Lugios,
1107 1895 1138 1945 et
1157 1907 1221 1946 una

80 1983 120 2042 sit
140 1985 180 2044 ab
201 1983 282 2056 alia,
304 1994 334 2041 et
356 1993 477 2044 mutent
496 1981 556 2066 sibi
576 1990 685 2041 mutuo
706 1979 878 2061 principia:
907 1982 1073 2063 quodego
1091 1985 1221 2046 nonin·

79 2083 200 2163 telligo.
242 2083 376 2158 Lupolds
398 2081 511 2141 Liebsr
533 2099 599 2141 nou
615 2079 757 2139 credatis.
798 2081 877 2158 Quis
900 2082 996 2143 vellet
1016 2080 1127 2142 dooere
1147 2085 1219 2146 illos

80 2178 207 2242 asinos?
238 2183 357 2244 rolant·
371 2182 431 2262 ipsi
454 2179 801 2261 corrigero'Gopulata,
814 2189 855 2240 ·et
875 2163 1007 2253 Brieot,
1019 2189 1051 2240 et
1071 2183 1218 2242 Tartaro·

80 2283 174 2343 tuns?
195 2283 256 2340 Per
276 2284 379 2342 Deum
390 2325 399 2356 ,
419 2281 478 2340 hoc
500 2289 577 2340 esset
596 2277 813 2359 nna‘pulehra
832 2297 891 2339 res.
939 2279 1002 2360 Ipsi
1020 2280 1132 2342 volunt
1153 2303 1219 2342 esse

79 2383 213 2455 Graeci,
248 2392 278 2438 et
298 2373 326 2440 si
350 2381 496 2442 venirent
513 2379 554 2440 od
574 2387 689 2438 terram
709 2387 861 2451 sanctam,
892 2378 1097 2440 etaleberent'
1110 2391 1217 2460 petere

78 2503 193 2562 penem
212 2491 337 2562 propter
359 2480 511 2540 Deumin
526 2479 665 2552 Graeco,
683 2478 739 2546 ¹rel
759 2477 793 2538 in
812 2475 956 2552 ludaico,
978 2489 1053 2538 tnnc
1071 2481 1136 2560 :ipsi
1151 2462 1216 2540 sion

78 2583 212 2654 seirent,
256 2589 286 2640 et
309 2579 421 2640 volunt
447 2577 602 2658 corrigere
627 2586 765 2638 nostram
786 2575 1038 2654 translationem,
1070 2588 1216 2659 tanquam

76 2683 199 2740 Doctor
220 2681 367 2746 Sanetus,
397 2678 452 2758 qui
475 2678 538 2738 fnit
557 2697 635 2737 vere
652 2685 773 2747 sanctus
795 2675 862 2734 sine
883 2675 994 2750 dubio,
1030 2697 1095 2738 non
1121 2681 1217 2740 intel·

77 2771 193 2840 lexerit
211 2777 432 2839 Aristotelem?
451 2777 692 2858 Hogstr.Ce1te‚
709 2775 855 2854 Magister
869 2785 989 2851 noster,
1012 2796 1068 2858 ogo
1091 2781 1215 2854 vellem,

78 2879 161 2958 quod
184 2877 296 2939 verum
308 2877 460 2945 ,diseretis
470 2916 479 2951 ‚
512 2877 568 2940 sed
587 2876 665 2950 heu,
692 2875 755 2956 jam
778 2874 829 2934 illi
848 2873 960 2936 docem
981 2895 1043 2952 eos,
1061 2879 1121 2958 ,qui
1143 2891 1216 2940 sunt

76 2979 141 3038 nati
156 2974 310 3052 Hebraei,
331 2989 365 3037 et
382 2963 447 3038 nati
469 2996 509 3036 ex
528 2975 661 3035 Graecia
683 2973 827 3039 hominis
849 2974 1034 3037 doctissimi:
1061 2977 1111 3037 illi
1131 2991 1215 3040 certe

77 3077 203 3158 quando
224 3078 345 3146 volunt,
365 3087 496 3158 possunt
513 3074 560 3141 eis
574 3064 654 3138 beno
676 3075 837 3136 ostendero
850 3076 1070 3156 proprietatem
1091 3079 1239 3158 lingua-v¹

76 3197 157 3238 rum.
208 3177 287 3237 ·Vos
308 3171 380 3237 estis
407 3177 469 3253 jam
496 3176 592 3237 iratus
614 3173 846 3260 et‘commotus.
907 3178 1045 3256 Sequens
1065 3177 1214 3256 Magister
1287 3161 1302 3172 ’-

75 3287 182 3337 noster
202 3277 346 3352 Stentor,
369 3280 401 3336 ir
413 3281 473 3337 soit
492 3275 576 3334 anob
596 3275 763 3348 notanter,
798 3275 878 3336 sicut
897 3275 977 3336 bene
997 3275 1157 3335 ostenditis
1177 3277 1213 3352 iu

75 3377 186 3437 vesnia
205 3369 505 3456 piaedioatlonibus,
526 3384 557 3434 et
576 3373 703 3434 fortiter
722 3374 860 3434 clamatis
881 3375 921 3434 ad
942 3375 1106 3456 populum,
1129 3375 1213 3455 quoti

74 3495 137 3536 non
160 3476 292 3536 debeant
313 3477 445 3536 credere·
462 3469 564 3534 verbis
584 3471 737 3548 Lntheri,
779 3493 838 3533 nec
865 3474 969 3554 legere
998 3473 1085 3533 illins
1106 3475 1213 3536 libros.

74 3577 203 3636 Utinam
225 3575 284 3634 hoc
303 3595 409 3658 omneq
430 3575 587 3648 facerent,
610 3573 670 3652 qui
689 3572 803 3633 volunt
821 3591 886 3632 esse
907 3573 1068 3652 Magistri,
1089 3575 1143 3634 sed
1164 3585 1215 3636 ta·

74 3695 146 3734 uren
168 3695 234 3735 non
256 3685 329 3734 suut
348 3674 460 3748 ueloci,
480 3673 705 3752 necquicquam
726 3681 836 3731 curant
856 3671 895 3730 de
914 3672 1134 3734 traditionibus
1155 3695 1214 3736 am

73 3775 233 3853 tiquornm
254 3785 287 3834 et
307 3773 474 3858 seniorum.
512 3768 725 3850 'Nuncigitun
738 3771 820 3830 bone
833 3771 982 3850 Magister
1001 3783 1115 3849 noster,
1135 3773 1213 3854 quid

76 3875 134 3934 erit
154 3861 353 3948 facientium,
376 3882 412 3933 ut
431 3872 641 3954 opprimamus
656 3871 748 3931 illum
768 3869 982 3930 haereticum?
1002 3873 1085 3932 Sten.
1105 3873 1212 3934 Vene-

72 3973 180 4033 rabilis
203 3982 235 4032 et
255 3971 370 4041 eximie
391 3972 539 4052 Magister
558 3983 680 4044 noster,
720 3989 832 4031 verum
853 3982 914 4046 est,
958 3990 1014 4052 ego
1030 3971 1212 4051 praedicavi

56 4071 263 4153 ,aliquotiens
288 4084 397 4133 contra
424 4073 496 4134 illos
523 4071 621 4132 novos
640 4069 822 4147 scribentes,
856 4072 941 4151 quod
959 4070 1024 4130 sint
1043 4070 1213 4152 haeretici5

70 4173 123 4232 sed
145 4171 259 4248 video,
281 4173 364 4253 qnocl
383 4171 467 4232 nibil
488 4170 635 4254 proficio:
657 4169 721 4252 ipsi
741 4171 927 4250 permittunt
945 4188 1003 4230 nos
1025 4170 1159 4230 clamare
1180 4181 1212 4234 et

70 4271 215 4350 ululare,
246 4281 278 4334 et
297 4271 505 4336 nihilominus
524 4271 679 4336 seminant
697 4285 787 4337 suam
801 4271 977 4350 'ananiam
1017 4287 1082 4338 non
1102 4281 1212 4334 curam

794 4403 795 4407 ¹
825 4390 827 4394 ⁴
957 4365 999 4434 25
