2896 4716
399 304 943 376 OBSCUR.VIRO,R.
1172 315 1232 382 179

99 476 178 530 tore.¹
242 465 417 546 Propterea
435 462 563 546 potestis·
583 465 732 548 cogitare:
752 465 832 526 Ecce
852 465 910 527 inte
929 434 1140 550 estsuperbur,
1161 472 1241 552 quia
1336 430 1371 524 '5

99 565 192 628 babet
212 565 330 625 bon'am
359 563 501 624 stantiam
525 567 661 640 Romae,
704 573 736 625 ιι
762 576 926 645 prepterea
952 585 1017 636 nen
1046 580 1135 631 curat
1153 571 1231 654 milri

99 664 248 738 scribere,
270 673 302 724 et
323 673 369 752 ert
389 663 511 737 oblitus,
532 664 614 744 quod
628 655 683 724 'fui
703 673 885 744 praeceptor
902 687 986 740 rnur,
1008 676 1039 727 et
1053 668 1145 728 docui
1161 691 1230 734 eum

99 765 134 824 in
153 763 264 838 Poeai,
286 771 317 822 et
338 763 375 820 in
393 761 537 838 Artibus,
556 773 588 822 et
611 783 687 823 cum
704 763 764 824 boe
783 764 875 823 etiam
895 764 930 823 iu
954 747 1150 842 Graeciamo,
1179 768 1231 842 ita,

101 862 183 943 qued
204 882 264 942 pro
285 869 375 948 parte
396 871 442 920 ert
463 861 563 922 bonua
583 862 728 922 Graecae.
760 899 767 922 ι
788 861 868 922 Dico
885 862 968 941 quod
988 883 1069 938 non,
1107 877 1137 924 et
1155 868 1235 927 Dia-¹

102 963 189 1023 bolus
213 960 339 1020 auferat
357 979 425 1034 me,
445 959 471 1018 ιι
491 979 555 1020 non
577 958 676 1020 habeo
696 977 752 1019 vor
774 960 809 1020 in
829 961 996 1034 memoria,
1017 961 1098 1023 etin
1118 966 1233 1026 oratio-

101 1061 192 1120 nibnr
217 1059 296 1118 meis
318 1078 391 1156 erga
409 1058 520 1120 Deum
562 1055 645 1137 Quia
664 1057 740 1118 dicit
760 1058 945 1140 Gregorius,
966 1059 1081 1138 quod'
1070 1063 1234 1142 ingratitu-
1248 1113 1253 1125 ι

102 1160 139 1220 do
162 1168 210 1242 eat
231 1157 326 1238 radix
345 1157 485 1217 omnium
506 1150 673 1248 vitiorum3
710 1176 782 1238 ergo
811 1157 866 1237 qui
892 1167 998 1238 peccat
1017 1158 1052 1246 in
1048 1159 1234 1240 ingratitu-

101 1237 195 1329 dine,
213 1243 323 1338 peccat
342 1256 377 1315 in
391 1231 540 1318 omnibus
561 1255 702 1338 peccatis.
766 1253 827 1315 Sed
851 1256 879 1314 ιι
907 1275 962 1335 ego
984 1253 1048 1318 'non
1067 1255 1232 1320 scriberem

100 1358 188 1420 robis
209 1377 270 1437 per
288 1356 480 1436 superbiam,
523 1369 597 1418 tunc
619 1377 713 1417 esrem
734 1354 821 1416 vobin
840 1355 995 1436 ingratus,
1037 1357 1092 1436 qui
1118 1358 1233 1420 fecistis

100 1457 181 1517 mihi
203 1455 281 1517 talin
297 1454 387 1516 bona.
440 1454 502 1516 Sed
523 1455 622 1516 habeo
642 1454 838 1516 rationabiles
858 1474 978 1528 canam,
999 1455 1081 1534 quod
1099 1477 1163 1518 non
1183 1458 1234 1518 di-

99 1554 179 1616 rexi
192 1553 300 1612 literas
321 1553 359 1611 ad
381 1549 621 1614 dominationem
644 1567 784 1615 vestram.
834 1552 918 1629 Quin
939 1551 996 1633 pro
1017 1573 1126 1633 magna
1146 1566 1233 1636 parte
1296 1626 1298 1633 Ι

98 1653 151 1713 fni
171 1649 346 1728 infirmae„
358 1650 531 1718 etneecio,
552 1653 628 1730 quid
650 1652 711 1713 suit
731 1652 819 1712 mibi.
859 1651 1000 1712 Medicus
1017 1651 1109 1726 dicit,
1150 1655 1234 1733 quod

98 1752 208 1812 habeo
232 1748 346 1828 aliquid
364 1749 399 1808 in
417 1747 591 1824 stomacho,
618 1761 649 1812 et
668 1770 733 1811 ιιοιι
752 1750 815 1810 acio
836 1749 984 1830 digerere.
1048 1749 1151 1812 Etiam
1171 1759 1232 1813 nu-

101 1846 287 1910 diuctertiua
307 1847 422 1928 rumpai
441 1867 536 1908 unam
552 1849 783 1930 purgationem,
811 1858 851 1923 et,
880 1849 965 1908 aalva
983 1851 1159 1928 reverentia
1179 1870 1233 1910 co·

99 1968 171 2010 ram
200 1945 419 2006 Dominatione
449 1955 567 2021 vestra,
610 1967 666 2030 ege
692 1947 831 2035 merdavi
851 1967 944 2007 unam
966 1948 1101 2010 merdam
1124 1950 1168 2011 ita
1187 1960 1233 2011 te·

100 2065 216 2121 neem,
234 2046 318 2124 quod
338 2035 451 2125 aliquia
471 2055 572 2125 portet
590 2048 714 2109 sorbere
734 2067 804 2106 cum
817 2045 979 2106 cochleari.
1032 2049 1072 2108 Et
1088 2068 1158 2108 eum
1172 2049 1232 2108 hoc
1291 2071 1295 2076 ·

103 2145 202 2208 exivit
219 2165 283 2204 una
304 2145 388 2225 petia
406 2144 493 2218 alba,
529 2147 607 2206 bene
627 2147 670 2208 ιιι
690 2164 799 2222 magna
814 2143 894 2204 sicut
913 2144 1028 2223 pirum.
1091 2148 1132 2206 Et
1152 2147 1232 2207 dixit

100 2245 260 2306 Medicus:
277 2243 333 2303 illa
354 2253 398 2304 eat
417 2242 545 2304 materia
565 2245 732 2322 indigesta,
754 2251 785 2302 et
805 2250 906 2300 canent
926 2241 1054 2300 febrem.
1098 2244 1159 2302 Sed
1174 2255 1230 2324 pro

100 2365 187 2404 nunc
205 2342 269 2402 scio
290 2342 403 2402 iterum
423 2343 501 2404 bene
523 2343 700 2415 comedere,
723 2339 905 2419 quiahabeo
917 2339 1033 2400 bonum
1053 2340 1230 2418 appetitum.

99 2424 268 2506 Laudetur
288 2442 380 2500 Deus.
420 2441 461 2500 Et
481 2443 507 2502 ιι
524 2461 634 2500 maneo
656 2459 757 2512 sanus,
776 2449 850 2499 tunc
869 2457 992 2516 temper
1011 2431 1083 2498 volo
1097 2439 1230 2498 scribere

99 2543 207 2603 vobis.
270 2540 312 2598 Et
330 2557 385 2618 pre
405 2539 463 2600 ieta
482 2539 551 2600 vice
573 2539 688 2614 debetis
708 2537 803 2612 scire,
838 2536 920 2616 quod
942 2535 1154 2596 Sanctissimae
1170 2537 1228 2616 1ιιι-

98 2643 169 2702 huc
192 2647 238 2698 eet
258 2637 446 2706 Florentiae,
469 2646 499 2699 et
520 2637 676 2704 Curtiaani
696 2636 748 2696 hic
769 2637 849 2698 male
871 2636 977 2712 dicunt
996 2634 1050 2720 ei,
1062 2635 1145 2714 quod
1165 2656 1228 2696 nou

101 2740 209 2812 venit,
224 2737 304 2816 ‚quia
324 2756 387 2796 non
406 2747 534 2816 poscunt
555 2735 702 2815 expedire
723 2735 845 2812 negotia
864 2755 927 2793 sua.
990 2733 1052 2793 Sed
1073 2755 1127 2812 ego
1142 2734 1227 2808 dico,

102 2839 189 2920 quod
210 2838 322 2896 debent
340 2835 454 2895 habere
474 2835 669 2916 patientiam,
703 2843 733 2892 et
757 2853 821 2892 non
847 2833 959 2892 debent
986 2833 1016 2890 ei
1038 2832 1229 2908 maledicere,

104 2940 180 2998 aliar
201 2945 273 2998 sunt
294 2934 567 3008 exeommunicati,
606 2943 637 2994 et
654 2932 753 3010 allego
774 2934 818 2990 eir
838 2929 911 2992 Iura
927 2951 1020 3010 supra
1041 2931 1115 3005 hec,
1157 2932 1229 3012 quia

102 3038 185 3099 vado
208 3035 261 3093 hic
281 3034 320 3092 ad
341 3025 547 3113 Sapientiam,
590 3043 620 3092 et
640 3031 755 3090 studeo.
817 3032 882 3090 Janr
908 3029 969 3089 feci
991 3049 1134 3110 magnum
1154 3051 1228 3110 pro-

102 3139 222 3198 fectum
243 3134 278 3192 ιιι
298 3142 431 3214 utroque
450 3135 537 3206 Iure,
549 3132 593 3190 in
612 3148 676 3189 uno
696 3129 739 3187 ιιι
759 3115 854 3202 bene,
877 3128 957 3186 sicut
978 3127 1012 3186 in
1034 3129 1104 3187 alio.
1167 3129 1227 3188 Sed

104 3236 214 3294 dicunt
232 3232 345 3311 aliqui,
381 3232 464 3312 quod
484 3229 694 3292 oculinolent
713 3227 923 3302 Sanctissim03
957 3245 1035 3314 ergo,
1049 3241 1112 3284 non
1129 3237 1228 3304 potest

104 3333 262 3392 ambulare
283 3352 342 3411 per
362 3351 474 3391 aerem.
515 3329 641 3389 Debetis
660 3327 750 3384 etiam
772 3324 868 3399 scire,
889 3323 969 3403 quod
991 3324 1062 3380 Rex
1081 3325 1229 3382 Franciae
1317 3345 1325 3356 ·

103 3431 236 3494 revertit
256 3432 291 3490 in
312 3431 488 3504 Franciam,
524 3429 593 3489 vult
612 3435 735 3506 portare
755 3423 851 3500 magia
861 3419 1022 3514 populum
1050 3419 1089 3478 ad
1110 3421 1229 3480 bellan-

103 3497 179 3590 dum
202 3541 310 3589 contra
330 3531 560 3616 Imperatorem.
610 3527 650 3584 Et
670 3521 800 3602 Hispani
818 3493 930 3578 volunt
951 3516 1103 3574 auxiliare
1123 3518 1227 3596 Impe-

102 3631 216 3702 ratori,
239 3638 272 3690 et
290 3627 408 3688 hebetia
427 3629 521 3699 seire,
543 3626 638 3708 quod
648 3621 707 3682 'erit
727 3638 837 3698 magua
858 3635 977 3695 guerra.
1023 3615 1229 3694 Quapropter

103 3729 251 3788 debemur
272 3727 430 3786 dicerem
451 3725 641 3785 orationibus
660 3719 785 3780 nostrie:
812 3717 862 3774 Da
884 3733 1000 3792 pacem,
1022 3711 1203 3785 Domine,
1193 3733 1228 3772 ιιι
1282 3793 1287 3810 ἱ

103 3829 213 3887 diebus
232 3825 360 3885 nostris:
394 3824 467 3904 quia
486 3843 550 3882 non
574 3831 618 3880 est
637 3821 770 3888 bonum,
805 3812 887 3898 qnod
917 3821 961 3869 est
980 3829 1091 3888 guerra
1110 3809 1143 3868 in
1163 3811 1229 3870 istie
1336 3880 1343 3895 ⁸

102 3927 193 4000 locis,
213 3945 273 4004 pro
293 3914 488 3984 Curtisania.x
516 3923 550 3980 Si
571 3931 648 3979 earet
666 3935 745 3997 pax,
771 3924 845 3970 tnnc
864 3909 959 3968 remel
979 3907 1129 3967 deberetis
1151 3909 1228 3968 mibi

102 4023 238 4087 scribere
260 4023 299 4082 de
323 4022 464 4082 vacantia
485 4020 579 4082 nnius
599 4012 749 4085 beneficii,
770 4010 834 4070 sive
856 4019 900 4066 est
922 4011 1071 4079 curatum,
1092 4007 1228 4068 nivenen

102 4135 261 4197 curatum,
283 4121 352 4182 rive
372 4120 439 4182 de
430 4139 498 4198 Jure
518 4125 714 4198 patronatus,
735 4109 799 4170 sive
815 4106 918 4184 ιιιιιι
968 4105 1051 4192 Quia
1071 4125 1126 4184 ego
1147 4127 1229 4168 nunc

100 4219 202 4282 habeo
232 4222 358 4282 bonam
367 4218 604 4304 experientiam,
647 4221 678 4272 et
695 4209 809 4270 vellem
830 4205 931 4268 bene
922 4197 1087 4290 impetrare
1106 4204 1229 4283 aliquid.
1293 4290 1298 4297 Φ

957 4301 1026 4364 12*
