2872 4722
218 336 280 401 tn
448 311 509 346 “’
583 329 977 400 srrsrounu

220 493 274 575 qui
296 495 431 556 multum
448 492 565 554 studuit
584 493 617 553 in
638 491 726 554 dictis
746 492 866 569 librisf
883 473 937 556 seri
963 513 1035 555 non
1052 494 1233 558 invenit-in
1262 499 1347 578 regi-

217 609 283 659 stro
303 598 355 659 vel
374 597 407 655 in
428 595 533 668 libris3
560 593 634 672 ipse
655 603 700 654 est
720 594 759 652 de
779 594 957 674 gcneulogia
976 596 1107 656 Domini
1127 598 1260 658 Pastoris
1283 599 1348 658 ibi·
1427 669 1428 676 ἵ

219 698 289 758 dem
296 738 315 771 ,κ
342 694 395 772 qui
414 701 461 752 est
479 693 594 766 Poeta,
634 693 785 771 quiescit
812 695 892 753 benc
910 694 1085 768 lstinisure‚
1119 696 1348 774 dictaminuque
1427 685 1428 692 ἵ

220 814 420 877 componere,
459 791 532 869 quis
565 811 620 870 ego
647 811 715 850 sum
742 793 892 871 plebanus
913 792 1047 853 ratione
1072 796 1266 858 monasterii:
1317 806 1350 856 et

218 898 316 958 habeo
337 892 450 951 multos
472 888 750 965 communicantes,
773 901 804 951 et
824 891 915 950 etium
935 892 1010 951 tales
1030 914 1191 974 personas,
1214 897 1253 956 dc
1272 895 1348 976 qui-

218 999 275 1056 bus
293 993 354 1072 jum
374 991 456 1072 iccio
477 988 699 1071 quaestionem.
742 989 1005 1071 superintendens
1027 1002 1131 1055 noster
1150 994 1226 1056 dicit
1246 994 1348 1054 morri-

217 1097 312 1166 ieste,
340 1091 426 1171 quod
456 1091 522 1171 ipse
550 1080 614 1150 ison
635 1097 734 1170 potest
753 1089 972 1150 conscientium
990 1110 1077 1153 suam
1097 1095 1216 1154 solvere
1236 1095 1271 1152 in
1290 1094 1348 1151 dc·
1428 1140 1429 1170 r

217 1195 333 1254 cisione
355 1191 425 1252 tulis
453 1187 656 1268 quaestionis:
694 1189 834 1265 quamvis
853 1189 981 1252 haberet
1005 1192 1157 1273 disputato
1176 1194 1347 1252 multorum
1428 1195 1429 1200 ’

215 1297 389 1372 Doctorum
410 1291 448 1350 de
468 1287 625 1350 Purrhisia
640 1299 671 1346 et
683 1288 823 1361 Colonia,
845 1308 924 1366 quse
944 1291 1110 1370 complevit
1130 1291 1278 1370 usquead
1291 1293 1347 1352 Li-

216 1394 428 1455 centicturem.
474 1389 515 1450 Et
535 1387 694 1468 respoudit
715 1389 918 1449 materialiter
936 1401 970 1448 et
989 1390 1163 1450 formaliter
1182 1412 1240 1473 pro
1261 1411 1347 1450 conr-

215 1494 372 1575 pletionc:
413 1491 518 1552 sivos
531 1507 595 1548 nou
615 1487 742 1567 potestis
763 1487 969 1548 determinare
990 1489 1077 1550 illam
1098 1492 1269 1564 materiam,
1292 1491 1347 1548 dc-

121 1653 129 1670 x
213 1595 293 1656 betis
308 1593 498 1671 interrogare
512 1585 694 1666 Magistrum
714 1586 905 1660 Ortuiuum,
940 1588 996 1646 illc
1016 1589 1137 1648 docebit
1156 1610 1212 1651 vos
1234 1589 1347 1649 omnia.

215 1695 297 1758 Nam
327 1700 457 1752 vocatur
483 1687 623 1758 Gratius,
658 1696 788 1767 propter
815 1685 944 1766 gratinus
967 1687 1106 1748 divinans
1126 1688 1161 1749 iu
1180 1710 1230 1764 se,
1267 1710 1346 1766 quoe

149 1791 151 1800 '
215 1793 299 1856 nihil
319 1792 447 1870 ignorat.
508 1783 684 1866 compilavi
702 1802 802 1845 uuurn
823 1805 948 1845 carmen
976 1787 1157 1861 heroicum,
1195 1789 1235 1848 de
1254 1810 1347 1868 prae-

216 1897 298 1954 dicto
319 1891 423 1951 libro:
464 1907 519 1949 vos
547 1885 663 1946 debetis
689 1885 792 1964 legere
810 1895 848 1944 et·
861 1885 1033 1963 corrigere,
1072 1897 1110 1948 et
1124 1888 1227 1948 iacere
1246 1909 1345 1948 uuum

215 2003 383 2076 punctum,
405 1989 459 2048 ubi
482 2005 550 2046 sum
570 1983 762 2064 superfluus,
784 1985 836 2045 vel
857 1984 1056 2060 diminutius,
1077 1996 1108 2047 et
1128 1987 1242 2062 audite,
1267 2009 1346 2066 quo-

216 2093 309 2168 modo
329 2091 430 2173 placet
453 2085 601 2166 Magistro
625 2083 778 2144 Ortuiuo:
819 2085 885 2165 Ego
905 2085 978 2147 volo
993 2085 1127 2148 -nittere
1156 2087 1346 2170 imprimere.

214 2196 254 2256 Et
265 2193 308 2253 sic
320 2188 446 2268 incipit:

299 2291 398 2352 Nemo
419 2283 503 2344 delet
522 2305 584 2343 esse
601 2295 666 2342 tam
689 2287 824 2361 stultus,

200 2435 204 2450 t
298 2393 342 2452 Et
361 2390 396 2446 in
416 2397 506 2445 tanta
519 2390 838 2462 praesumptuositate
856 2387 1012 2462 sepultus:

300 2487 391 2569 Quod
410 2488 487 2546 velit
497 2485 577 2560 fieri
601 2487 801 2544 illuminatas
823 2488 857 2543 in
884 2486 984 2544 Sacra
1000 2487 1177 2573 Scriptura,

298 2593 341 2652 Et
354 2587 538 2667 formaliter
558 2584 705 2644 deducere
729 2587 913 2644 corrollaria
933 2606 969 2643 ex
989 2587 1235 2646 Bonarenturar

301 2691 366 2767 Qui
386 2705 448 2743 non
464 2683 579 2743 didicit
597 2696 783 2742 nwntetenus
802 2683 1076 2760 combibilationes,

301 2791 388 2866 Quas
407 2786 555 2862 magistri
574 2785 674 2840 nostri
696 2793 858 2840 resumunt
872 2802 930 2858 per
954 2803 1054 2841 omnes
1073 2787 1225 2862 regiones.-
1289 2819 1292 2824 ·

301 2885 493 2948 Praesertim
519 2884 555 2939 in
582 2882 777 2958 Purrlrisia,
816 2895 960 2960 quaeest
980 2895 1078 2941 mater
1097 2886 1248 2942 omnium>
1263 2887 1345 2944 Uni-

631 2983 834 3053 versitatum,

112 3067 120 3074 ’
220 3105 224 3119 ¹
300 3079 343 3146 Et
366 3087 400 3140 in
415 3081 548 3141 :Colonia
553 3119 564 3150 ,
585 3078 644 3139 ubi
661 3101 764 3156 nuper
775 3081 1004 3158 magistraliter
1028 3094 1072 3140 est
1083 3082 1269 3160 probatum.-
1292 3121 1301 3139 ·.

299 3187 365 3245 Per
382 3183 558 3261 Magistros
578 3191 697 3239 nastros
721 3183 757 3238 in
775 3180 986 3258 Tlieologictcli
1003 3181 1227 3257 disputatione,

300 3285 339 3346 In
353 3303 420 3362 qua
440 3281 723 3340 determinaverunt
746 3275 863 3337 omnia-‘¹
870 3279 1037 3355 seraphion
1048 3279 1241 3356 probatione,

303 3382 395 3461 Quod
415 3382 512 3440 multo
533 3381 658 3453 melius,
688 3389 733 3446 est
752 3380 830 3436 scire
851 3380 929 3436 istas
948 3379 1219 3455 combibilationes‚

303 3485 392 3560 Quae
405 3482 548 3558 piurima
562 3489 700 3537 trudant
710 3498 770 3554 per
781 3477 1018 3556 irrefragabiles
1032 3481 1176 3552 rationes,

302 3583 406 3658 Quom
427 3589 613 3637 montetenso
634 3580 714 3635 scire
735 3579 962 3654 Hieronymum
983 3590 1014 3636 et
1034 3579 1262 3656 Augustinum,

304 3683 368 3760 Qui
387 3679 508 3737 tuntum
526 3676 667 3737 scribunt
683 3675 794 3734 boam
813 3675 969 3734 latinum:

302 3783 387 3860 Quia
405 3776 664 3836 combibilationes
688 3785 762 3834 sunt
788 3777 907 3850 optima
929 3779 1072 3850 amieria,

301 3883 364 3941 Ceu
383 3877 552 3954 disputant
570 3876 726 3954 Magistri
746 3877 846 3934 riustri
862 3895 921 3952 per
939 3879 1046 3934 omnia
1064 3878 1261 3951 nsonasteria,

278 3971 289 4043 ’,
301 3981 393 4056 Ipsos
415 3974 604 4034 concludunt
621 3995 682 4052 per
701 3975 912 4034 conclusiones
926 3977 1136 4058 magistrale&

305 4079 370 4154 Qui
391 4086 465 4149 sunt
479 4078 514 4134 in
535 4073 657 4134 divinis
674 4077 739 4152 ipsi
751 4075 879 4132 termini
892 4075 1084 4147 essentialem
1109 4121 1113 4128 .

303 4177 346 4237 Et
365 4186 503 4233 tractant
519 4177 612 4233 etiam
630 4177 739 4251 prium
753 4163 922 4251 principia
933 4173 1175 4253 Theologicalia,

303 4275 347 4336 El
363 4275 434 4332 alia
452 4274 570 4342 multa,
591 4293 671 4354 quae
684 4285 758 4332 arnt
776 4272 868 4333 valde
884 4275 1093 4352 magistralia.
