2866 4724
186 310 288 378 .356
506 347 510 355 ·
578 305 1004 373 unaoorvtt

225 467 372 532 baiarum
406 465 545 541 turboni,
588 465 805 548 nugacissimas
836 482 951 547 nugas,
989 465 1126 530 absurde
1150 463 1333 528 absurdarum.

196 567 383 630 'Haeccine
403 565 601 646 Theologia?
634 567 711 628 haee
731 565 866 648 religio?
897 566 1038 628 Ho'ceine
1065 579 1112 628 eat
1139 559 1236 626 aoleie
1258 567 1333 628 Glari-

226 667 333 730 stum'i
375 664 462 743 Quid
488 664 612 726 Christo
641 685 713 726 eum
735 665 924 727 Aristotele?
961 667 1053 744 Quae
1072 664 1175 748 portio
1193 663 1296 726 Christi
1311 679 1333 724 et

225 765 348 828 Beliall
367 766 527 825 Postremo
549 763 706 842 omnium,
734 785 832 846 qaum
857 764 941 828 nihil
963 766 1103 826 calleant
1130 784 1217 828 sauss
1236 764 1332 824 doetri-

225 885 296 943 nae,
317 862 369 948 (de
383 863 526 950 Scotiatis
542 863 700 944 loquitur,
726 874 757 925 et
779 863 959 939 Themistis,
980 877 1074 944 atque
1094 862 1267 937 Albertistia,
1284 883 1332 924 non

225 967 275 1040 iia,
296 964 352 1046 qui
372 962 499 1024 vetuistis
519 983 552 1022 aa
572 963 751 1044 mancipant
771 963 927 1045 quondam
947 983 1036 1024 meae
1057 961 1189 1023 nunonis
1201 960 1332 1042 heroibus)

225 1062 371 1128 Pontifici
383 1063 438 1141 qui
450 1062 586 1122 maxime
604 1063 796 1144 applaudunt
817 1071 849 1123 et
867 1063 1085 1124 adsentantur:
1109 1063 1232 1124 dilatant
1244 1059 1331 1122 ludul-

226 1163 364 1249 gentisa,
400 1161 484 1222 nulli
510 1177 649 1242 unquam
676 1163 803 1242 antiquo
824 1161 962 1235 doctori,
1002 1162 1057 1223 vel
1075 1160 1249 1242 pontificum
1265 1169 1331 1220 nous

225 1263 352 1326 noviter
371 1272 476 1322 antem
495 1259 681 1340 excogitatas
691 1303 700 1334 ,
722 1261 762 1322 ob
782 1271 924 1341 questum
944 1259 1129 1324 Pontificem
1145 1259 1288 1322 Christum
1295 1257 1329 1318 iu

179 1343 184 1362 Χ
226 1363 330 1424 oiuuta
368 1358 597 1439 omniaposse,
619 1359 878 1433 anninhausen,
915 1379 996 1439 qnae
1017 1358 1193 1434 Christum,
1227 1357 1329 1439 demptis

226 1459 402 1535 miraculis,
439 1479 518 1538 quae
537 1458 608 1520 ideo
628 1459 732 1520 fauere
750 1479 815 1521 non
833 1459 940 1533 nouit,
974 1458 1061 1540 qnod
1082 1458 1159 1520 lraee
1178 1458 1267 1520 uirtus
1282 1475 1329 1516 nou

225 1559 376 1646 pecunia,
403 1559 457 1620 sed
476 1557 540 1620 fide
560 1567 591 1618 et
610 1557 787 1620 innocentia
807 1568 1044 1622 commas-estun
1093 1559 1195 1620 Deum
1216 1565 1329 1616 emeter-

225 1679 356 1728 renum,
379 1658 434 1718 sed
454 1656 509 1736 qai
531 1657 646 1718 oletum
669 1669 771 1734 esset,
792 1669 828 1722 ut
849 1660 956 1720 nullus
979 1657 1168 1719 rusticorum
1187 1655 1219 1716 in
1236 1655 1328 1732 Heroy-

226 1761 281 1823 niu
298 1759 389 1820 silva,
430 1757 531 1818 Pudet
557 1757 678 1833 diuers,
708 1756 793 1838 quod
812 1759 969 1839 reliquum
992 1765 1048 1818 est
1093 1757 1192 1828 Haeo,
1212 1754 1252 1814 mi
1273 1754 1328 1812 Pss-

226 1859 339 1942 quille,
359 1857 476 1924 insuia
496 1855 652 1938 disputant
669 1856 845 1920 Athenaeis.
909 1855 1034 1936 Quibus
1059 1855 1187 1938 propius
1210 1851 1327 1914 smedunt

227 1956 429 2031 canonistas,
451 1957 556 2036 etqui
575 1955 645 2034 jura
664 1965 812 2032 tractant,
835 1953 950 2040 (prope
972 1955 1128 2029 dixerim,
1155 1973 1275 2015 summas
1290 1950 1327 2008 in-

224 2054 343 2140 jurius)
364 2055 419 2135 qui
442 2055 537 2124 illico,
555 2055 703 2116 ducentas
723 2075 855 2118 canones
876 2055 1073 2136 producunt,
1107 2054 1188 2116 inter
1206 2069 1271 2134 qnos
1285 2047 1326 2109 n'x

132 2197 137 2218 1
224 2169 288 2220 tres
316 2153 521 2229 concordant,
562 2165 600 2214 ut
627 2154 745 2234 aliquid
769 2155 856 2235 stipis
882 2155 934 2216 vel
963 2154 1085 2216 favoris
1111 2153 1325 2216 eblandisntnrt
1387 2169 1388 2174 ¹

224 2258 321 2338 Papo.
362 2255 460 2332 Pasq.
501 2251 627 2334 Videris
653 2255 732 2316 elam
752 2265 861 2316 notare
883 2251 1084 2333 Caietanum,
1114 2246 1324 2316 Praedicatorise

106 2373 113 2386 '
224 2353 370 2417 frodonis
396 2350 610 2428 cardinalem,
656 2355 712 2435 qui
738 2375 811 2416 eum
849 2371 988 2414 errorem
1022 2353 1161 2436 primum
1185 2344 1322 2434 spumitiss

225 2455 411 2536 Theolopos·
445 2455 542 2514 Mem.
575 2454 669 2516 lllum
691 2455 794 2535 ipsum
813 2452 1152 2530 emesriumdrutrem,
1179 2468 1253 2513 anne
1267 2463 1323 2526 quo·

224 2553 274 2635 vis
302 2553 361 2616 Ser
381 2553 532 2633 dtuspslo
570 2554 756 2616 molliorem.
824 2556 922 2633 Pasq.
964 2553 1058 2620 Nosti
1077 2553 1155 2634 quid,
1175 2545 1322 2632 jampriden

100 2709 104 2718 ,
225 2652 323 2732 egerit
340 2651 543 2733 Mogontiaei
583 2655 681 2716 Mem,
717 2653 772 2713 Me
791 2651 948 2735 praeteriti
988 2657 1090 2734 Pnsq.
1105 2651 1261 2720 indixerat,
1277 2655 1322 2704 sta-

224 2761 293 2814 tuto
312 2752 433 2832 pretio,
466 2748 576 2831 utqui
596 2752 673 2816 velit
693 2753 728 2812 in
748 2753 1010 2834 Quadragesimae
1029 2752 1139 2814 diebus
1164 2748 1272 2829 (quihm
1286 2738 1320 2800 illi
1385 2779 1386 2790 κ

202 2941 204 2946 Ι
225 2850 363 2913 maxims
374 2851 412 2910 ab
423 2871 460 2910 eo
472 2851 576 2912 edulio
588 2851 647 2912 sibi
659 2851 999 2933 rememoreramus
1009 2859 1193 2924 vesceretur,
1203 2839 1320 2908 Triennio

226 2949 324 3012 semel
344 2948 543 3010 eonfiteretur
564 2949 684 3012 delium.
726 2951 828 3012 Mults
841 2952 935 3014 atium
951 2953 985 3014 in
996 2952 1144 3014 Carolum
1153 2990 1162 3023 ,
1174 2942 1320 3006 catholicum

226 3035 401 3146 prinoipem
409 3085 419 3123 ,
438 3048 636 3129 impudenter
643 3048 743 3111 osuin
758 3050 940 3114 histrionem
952 3052 1049 3125 dixit,
1061 3038 1321 3130 quoinitlmprir
1384 3071 1385 3098 i

226 3149 310 3230 cipes
318 3149 474 3210 Electores
481 3147 686 3224 subtimeret,
702 3150 784 3210 nein
791 3151 969 3214 Romanum
982 3153 1201 3230 imperatorem
1211 3139 1320 3204 uolnus*

225 3259 323 3312 retur.
343 3249 441 3310 Mam,
463 3245 610 3328 Suspicor
629 3259 747 3330 patrem
763 3249 854 3310 illnm
876 3251 1087 3314 reverendum
1105 3257 1260 3310 rursmm
1278 3253 1320 3297 νῦ*

225 3347 322 3410 luisse
342 3347 502 3427 antiquam
520 3347 608 3408 illam
626 3347 737 3428 legem,
758 3348 798 3410 de
817 3350 937 3432 legibus
955 3347 1164 3430 sumptuariir.
1201 3335 1317 3404 Olinlex

226 3447 399 3508 Fanialata
421 3455 483 3521 est,
518 3466 598 3526 quae
619 3446 703 3506 ludis
722 3449 890 3524 Romania,
923 3449 1007 3510 ludis
1025 3448 1102 3509 item
1122 3442 1231 3528 plebeia
1246 3446 1318 3497 elsa·

201 3565 210 3580 ¹
227 3537 422 3618 turnolibus,
444 3553 475 3605 et
494 3544 563 3604 aliis
584 3545 767 3626 quibasdam
786 3547 893 3608 diebus
912 3548 949 3610 in
969 3547 1106 3628 singulos
1130 3545 1192 3606 dies
1209 3544 1318 3600 centem

204 3631 310 3710 ”aeris
330 3665 421 3706 nsum
444 3643 601 3706 concessit.
654 3647 733 3708 Lex¹
745 3646 826 3707 Iulis
844 3637 990 3727 prodestis
1012 3647 1121 3707 diebus
1141 3645 1268 3706 ducentos
1281 3647 1319 3690 tt·

226 3745 288 3822 ris,
308 3744 507 3820 (lalandibna,
527 3744 643 3820 Idibus,
663 3743 762 3806 Nouis
783 3758 944 3808 trecentos
983 3747 1120 3806 Bemnm
1140 3743 1179 3802 ud
1197 3739 1250 3798 duo
1264 3727 1318 3790 mil*

227 3845 271 3906 lia
298 3854 439 3926 sumptus
469 3863 635 3904 menarum
667 3856 851 3927 propagatus
871 3853 933 3923 est}
982 3856 1036 3906 tut
1063 3843 1146 3906 forte
1163 3837 1318 3902 inslurum
1353 3887 1356 3900 .

227 3943 387 4026 quidpiam
406 3943 536 4004 molitur
555 3951 698 4004 nostrum
717 3943 948 4025 Imperatorem
989 3947 1086 4024 qu.
1126 3943 1233 4002 Romae
1253 3925 1319 3990 nulls

227 4041 416 4123 jejuniorum
437 4043 632 4104 observantia
649 4053 785 4122 quartae,
806 4057 909 4104 reatae
929 4052 961 4103 at
980 4043 1140 4126 septimae,
1160 4058 1192 4098 so
1207 4027 1319 4110 den*

229 4141 378 4220 gesitnse,
407 4161 498 4221 quam
517 4150 647 4208 uocant,
674 4143 810 4204 maxime
828 4143 863 4206 iu
883 4141 1008 4204 aedibus
1029 4138 1236 4204 cardinalium.
1273 4127 1319 4188 ΕΙ·

193 4259 195 4262 ·
229 4239 291 4300 rias
309 4237 378 4299 illas
397 4240 520 4301 iudaeis
536 4241 734 4320 relinquunt,
758 4241 1188 4323 quibusidtnapraeceptam
1205 4241 1245 4294 ast
1259 4229 1317 4306 leat
