2866 4724
162 289 255 370 *tet
511 291 950 364 *aeterniter

231 441 440 536 Moroo'lpbus
459 454 590 518 Sculteti
607 461 722 520 Ioanni
742 459 1049 537 Bimperlebnmprim
1064 477 1101 518 er
1121 447 1275 518 norbae.

274 559 393 617 Salutes
413 557 548 617 infinitas
571 568 602 617 et
619 557 823 634 immortales,
844 557 955 618 dilecte
975 560 1122 618 loannes!
1143 559 1219 618 ¹Vos
1240 553 1320 615 sori-

188 657 291 740 psistis
313 656 393 716 mihi
412 639 512 736 nuper
531 657 648 735 aliquas
669 657 838 730 novitates,
864 678 940 738 quas
962 677 1025 728 non
1045 657 1178 716 libenter
1199 653 1318 726 audivi,

188 757 336 820 videlicet
362 755 401 814 de
423 758 541 840 Ioanne
567 756 739 829 Reuohlin,
755 757 757 772 '
773 754 856 835 qnod
877 755 1068 834 comparavit
1091 755 1150 816 sibi
1175 773 1320 834 magnam

189 856 319 940 gloriam
342 854 423 934 apud
445 863 515 914 'suos
535 855 663 927 Poetae,
697 855 769 934 quia
789 855 865 916 lecit
883 875 979 915 unum
1000 855 1135 927 librum,
1164 855 1222 934 ¹qui
1243 851 1320 911 inti-

188 956 308 1016 tulatur
328 952 543 1026 Gabellistica,
584 953 635 1013 vel
651 953 782 1027 Gabala,
820 945 856 1013 et
878 954 1001 1033 estjam
1024 953 1056 1015 in
1089 953 1186 1033 gratia
1207 954 1317 1031 Papae.

189 1053 315 1116 Vellem
335 1061 438 1112 tamen
458 1034 591 1112 libenter
610 1051 706 1120 seire,
743 1052 885 1131 quidest
907 1053 1031 1112 Gabala.
1093 1055 1157 1133 Ego
1180 1049 1320 1131 quaesivi

164 1154 245 1214 'diu
272 1153 307 1212 in
328 1172 397 1211 meo
422 1150 603 1210 catholicon
633 1159 663 1210 et
690 1151 820 1212 Gemma
843 1171 1053 1230 gemmarum,
1094 1161 1125 1211 et
1145 1152 1179 1210 in
1199 1148 1319 1220 Britan,

189 1251 326 1314 sednon
347 1261 471 1331 possum
489 1249 628 1329 reperire
642 1249 717 1328 quid
737 1247 902 1329 signifieat:
931 1250 1001 1314 misi
1021 1253 1112 1310 etiarn
1130 1266 1225 1308 unam
1247 1248 1318 1306 lite-

188 1357 257 1413 r'am
280 1349 319 1409 ad
334 1349 516 1428 Magistrum
538 1358 676 1407 nostrum
693 1347 879 1421 Ortuinum,
900 1350 955 1408 sed
970 1349 1036 1429 ipse
1057 1351 1148 1409 etiam
1169 1348 1251 1408 nihil
1266 1368 1320 1406 re-

188 1449 306 1511 scribit.
347 1446 410 1506 Sed
429 1447 570 1527 Magistri
592 1449 689 1506 nostri
711 1439 855 1510 fecerant
872 1467 969 1506 unum
990 1448 1169 1522 eonsilium,
1197 1458 1228 1507 et
1243 1458 1331 1504 exe—·

189 1549 388 1609 minaverunt
404 1544 495 1605 illum
517 1533 649 1618 librum,
671 1555 703 1603 et
721 1545 800 1622 sieut
815 1565 870 1626 ego
893 1546 999 1606 audivi
1021 1547 1058 1605 ab
1080 1547 1154 1627 ipsis
1176 1547 1318 1606 densete

190 1649 225 1708 in
245 1645 407 1717 convivio,
429 1645 484 1704 ubi
499 1638 694 1704 neoltavlmus
706 1646 749 1704 ita
763 1643 952 1716 liberaliter,
973 1645 1056 1725 quod
1071 1647 1207 1726 oportuit
1218 1663 1318 1704 unum

190 1749 265 1809 dare
285 1760 343 1827 pro
364 1743 457 1803 zecha
476 1753 538 1803 tres
559 1745 682 1819 obulos,
718 1742 803 1823 qaod
828 1763 883 1822 ego
910 1763 974 1804 non
995 1745 1093 1804 habeo
1120 1743 1203 1806 ultra
1222 1763 1319 1823 pseu-

184 1847 290 1908 ¹niam:
313 1843 395 1924 quod
415 1842 480 1922 ipse
502 1841 694 1916 molestabit,
716 1843 789 1920 quia
809 1834 914 1922 posuit
932 1842 977 1901 ibi
998 1845 1102 1924 aliqua
1111 1854 1218 1903 eontra
1232 1843 1319 1901 Doc-

190 1960 289 2012 torem
309 1952 446 2002 sanetum
466 1951 497 2002 et
518 1941 682 2001 modernos
701 1943 866 2016 Doctores,
888 1950 918 2002 et
937 1941 1013 2002 dicit
1019 1985 1030 2016 ,
1060 1943 1143 2022 qnod
1157 1943 1239 2002 filius
1256 1941 1319 2000 Dei

193 2058 238 2106 est
261 2045 363 2104 iactus
386 2043 424 2100 de
443 2041 543 2100 Patre.
604 2041 681 2101 Item
702 2041 800 2100 multa
826 2041 905 2100 alia:
947 2050 977 2100 o't
1002 2043 1152 2122 pervertit
1170 2041 1320 2102 terminos

190 2140 385 2219 Theologiae
402 2159 550 2220 generare
573 2149 603 2198 et
628 2139 748 2209 lacere,
775 2139 867 2200 etsie
888 2140 927 2199 de
947 2140 1032 2200 aliisa
1073 2140 1155 2218 nihil
1173 2149 1259 2200 corat
1278 2138 1319 2196 de

191 2241 396 2326 argumentis,
412 2249 449 2308 ,et
469 2238 714 2317 quaestionibus,
738 2248 769 2299 et
789 2239 972 2320 sophismata
991 2240 1135 2300 Doctoris
1154 2239 1259 2304 saneti.
1278 2239 1321 2297 Et

189 2343 261 2402 ideo
278 2339 390 2401 volunt
409 2337 498 2398 illurn
521 2337 635 2396 librum
659 2339 855 2412 comburere,
886 2335 1101 2418 quia'dieunt,
1145 2339 1226 2416 quod
1254 2357 1321 2396 non

82 2467 87 2473 ·
190 2441 371 2520 intelligunt
391 2457 478 2510 eum,
507 2449 537 2495 et
556 2437 701 2517 quicquid
722 2438 782 2518 ipsi
804 2459 868 2498 non
889 2439 1082 2518 intelligunt,
1114 2438 1174 2498 hoc
1193 2438 1321 2496 combu-

190 2549 275 2602 runt.
316 2539 408 2617 Ergo.
449 2535 531 2613 Quia
552 2539 652 2597 omnis
668 2539 815 2617 Magister
835 2548 939 2598 noster
955 2548 1004 2620 est
1020 2537 1100 2596 Rebi
1115 2547 1145 2597 et
1159 2539 1215 2596 lux
1227 2557 1322 2594 mun-

192 2639 234 2700 di.
287 2636 389 2695 Etiam
413 2632 568 2715 ille‘liber
588 2636 681 2696 babet
707 2637 805 2696 multa
834 2638 915 2697 dicta
935 2636 1143 2717 Pythagorae,
1177 2637 1238 2717 qui
1258 2635 1323 2694 fuit

190 2733 441 2814 Nigromantieus
449 2756 458 2810 3
500 2735 554 2794 sed
574 2735 788 2814 Nigromantia
810 2746 855 2796 est
880 2735 1007 2796 seientia
1029 2736 1199 2816 prohibita,
1240 2736 1321 2796 sieut

187 2846 278 2914 potet
300 2833 349 2893 66.
383 2844 497 2910 quaest.
532 2853 577 2893 10.
603 2835 743 2910 capitulo
773 2837 878 2904 nullo,
913 2847 943 2899 et
972 2838 1007 2893 in
1028 2838 1166 2895 Conone:
1210 2835 1238 2894 0
1264 2855 1320 2894 vos
1349 2835 1353 2840 ’

190 2936 292 2993 asini:
315 2943 346 2989 et
366 2932 530 2992 coneordat
555 2933 669 2992 lloctor
688 2945 823 3009 sanetus,
837 2945 874 2995 et
894 2935 1074 2996 Aristoteles
1085 2935 1121 2993 in
1136 2953 1219 2994 nouo
1234 2934 1321 3011 Phy-

98 3069 105 3094 κ
182 3034 343 3104 sicerum,
365 3029 403 3088 de
423 3033 612 3112 ignorantiis,
653 3036 708 3094 Est
727 3035 811 3093 enim
834 3035 868 3095 in
890 3033 951 3094 hoo
971 3035 1062 3093 etiem
1082 3034 1164 3094 libro
1184 3033 1319 3092 multum

190 3134 385 3204 Hebraeum,
418 3131 501 3211 quod
522 3133 662 3212 Magistri
682 3134 780 3194 nostri
800 3153 865 3194 non
884 3145 1012 3214 possunt
1037 3136 1153 3214 legere,
1187 3141 1217 3192 et
1240 3132 1322 3189 mul-

190 3243 258 3293 tum'
279 3232 443 3292 Graecum.
484 3232 524 3292 Et
545 3231 617 3312 quia
638 3232 699 3312 ipsi
718 3253 782 3292 non
806 3245 915 3292 curant
935 3233 1010 3292 haee
1029 3254 1125 3306 vana,
1142 3231 1200 3290 sed
1220 3229 1322 3308 majo-

190 3353 242 3406 ra,
266 3343 296 3392 et
316 3331 387 3390 ideo
410 3331 626 3409 disposuerunt
646 3333 794 3392 loannem
815 3332 1030 3406 Pfefferkern,
1058 3331 1267 3392 Christianum
1291 3338 1323 3386 et

191 3430 543 3510 dimidiumludaeum,
578 3422 700 3509 quiesi
717 3431 820 3491 ‘bonus
842 3431 961 3505 ebrius,
994 3444 1024 3489 et
1042 3431 1097 3490 ille
1117 3415 1179 3509 jani
1201 3429 1322 3487 exami-

190 3544 261 3605 nat,
286 3552 327 3592 ne
347 3529 430 3592 forte
450 3528 495 3587 ibi
516 3530 592 3589 latet
612 3549 766 3596 venenum
787 3529 843 3589 sub
866 3531 967 3589 melle.
1009 3531 1071 3588 Sed
1090 3531 1162 3591 volo
1182 3529 1239 3587 illa
1256 3527 1321 3606 jem

190 3631 366 3703 dimittere,
400 3627 473 3706 quia
493 3628 666 3690 videbimus
687 3629 765 3690 bene
796 3629 831 3688 in
859 3628 1007 3694 nundinis
1030 3625 1321 3694 Francolordiensi-
1416 3647 1418 3654 ·

189 3732 263 3805 bus,
287 3739 316 3788 et
337 3737 412 3788 tunc
432 3728 576 3788 volumus
597 3727 688 3808 plura
709 3729 836 3806 loquere
858 3729 896 3788 de
916 3729 979 3787 illis
1003 3749 1073 3787 curn
1093 3727 1240 3807 Magistro
1262 3747 1322 3784 no-

190 3833 254 3890 stro
278 3826 436 3899 Ortuino,
473 3827 528 3905 qui
550 3825 762 3888 enmiausa
780 3825 1089 3908 Magistris‘nostris,
1125 3825 1208 3904 quod
1231 3825 1322 3884 debet

191 3943 295 3988 emere
315 3926 483 3999 novitates,
507 3946 585 4007 quae
605 3925 650 3985 ibi
669 3926 861 3999 venduntur,
885 3937 914 3988 et
933 3937 1007 3985 tune
1027 3925 1137 3984 volunt
1159 3925 1250 3982 etiam
1266 3945 1323 3984 ex-

191 4021 338 4088 aminare.
380 4027 429 4083 De
450 4024 519 4084 aliis
542 4025 729 4084 novitatibus
751 4044 814 4084 non
840 4045 964 4105 possum
986 4026 1074 4084 vobis
1094 4025 1185 4103 plura
1206 4023 1324 4082 scribe-

192 4147 242 4199 re,
280 4122 341 4184 nisi
362 4122 445 4202 quod
467 4122 559 4183 etiam
578 4123 725 4202 Magister
745 4137 848 4184 noster
868 4125 907 4185 de
935 4125 1055 4184 Ordine
1070 4123 1322 4194 Praedicatorum

193 4224 227 4282 in
243 4221 426 4298 Argenuus,
463 4221 517 4306 qui
537 4241 658 4299 semper
678 4234 806 4284 vocatus
824 4233 869 4282 est
888 4225 1007 4282 Doctor
1025 4225 1125 4295 Iesus,
1160 4221 1259 4281 exivit
1281 4241 1322 4277 ex
