2896 4716
127 261 248 331 12⁴6
553 267 958 334 EPISTOLAE

187 425 241 486 stis
264 443 313 486 me
333 423 497 496 tribulare,
534 423 695 486 scribendo
726 425 805 486 mihi
827 447 963 506 semper:
997 428 1143 490 Scribstis
1172 431 1255 492 mihi
1274 443 1329 494 ta·
1373 465 1374 470 κ
1429 469 1430 492 1

189 544 259 584 rnen
281 523 397 602 aliquid
416 523 503 583 novi.
545 525 585 583 Et
606 545 728 604 semper
749 525 844 585 vultis
866 527 943 586 scire
964 530 1105 604 novalia,
1128 553 1196 592 curn
1216 543 1326 594 temen
1429 543 1430 546 ’

190 645 246 703 ego
267 623 366 683 habeo
380 622 440 682 slia
463 623 502 681 ad
524 625 685 702 agendum.
727 625 767 684 Et
789 645 862 704 ergo
884 648 947 686 non
969 649 1093 708 possum
1117 633 1250 692 multum
1267 645 1329 692 eu-

189 744 260 809 rare
288 724 327 783 de
353 716 559 795 novitatibus,
602 723 820 802 quiaoportet
842 745 891 784 me
912 746 1037 786 currere
1058 729 1249 804 hincinde,
1295 740 1328 790 et

189 823 371 895 sollicitare,
408 823 521 912 sinon
542 822 615 880 volo
635 823 765 901 perdere
785 827 984 900 sententiam,
1025 825 1056 886 et'
1074 830 1182 888 venire
1205 830 1246 891 de
1269 830 1329 888 he-

188 921 300 982 nefieio
322 922 386 980 illo.
450 921 511 980 Sed
532 930 634 979 tamen
654 920 681 978 si
702 923 796 981 vultis
812 915 888 984 'esse
916 937 1091 1000 contentus,
1131 939 1206 988 tune
1226 929 1328 988 semel

188 1021 261 1082 volo
283 1021 416 1080 scribere
444 1020 548 1093 vobis,
589 1020 633 1081 ite
654 1021 737 1100 quod
764 1035 868 1102 postea
896 1026 1079 1104 permittatis
1110 1047 1159 1086 me
1185 1028 1219 1086 in
1247 1048 1327 1108 pace
1429 1033 1430 1064 ³

190 1141 261 1178 cuna
281 1119 475 1180 novitatibus.
541 1121 605 1179 Vos
631 1120 710 1179 bene
736 1122 913 1197 audivistis,
956 1125 1091 1204 qualiter
1115 1127 1198 1206 Papa
1214 1127 1328 1186 habuit
1429 1191 1430 1200 ἵ

188 1241 288 1279 unum
310 1240 454 1300 magnum
477 1220 611 1293 animal,
634 1220 716 1300 quod
735 1232 878 1283 vocaturn
902 1224 965 1283 fuit
984 1224 1137 1304 Elephas,
1159 1235 1189 1284 et
1211 1225 1325 1286 habuit
1429 1229 1430 1322 p

189 1319 289 1398 ipsum
311 1319 345 1378 in
369 1340 477 1398 magno
502 1320 638 1394 honore,
673 1332 703 1400 et
731 1321 822 1380 valde
848 1324 964 1382 amavit
991 1323 1080 1382 illud.
1140 1325 1234 1396 Nune
1263 1325 1328 1402 igi-

188 1428 242 1478 tur
263 1419 379 1479 debetis
399 1421 493 1492 scire,
535 1420 619 1500 quod
637 1419 698 1484 tale
718 1421 834 1479 animal
856 1432 1086 1514 estimortuum.
1150 1425 1190 1483 Et
1220 1445 1324 1502 quan·
1429 1479 1430 1484 ,

95 1533 99 1540 ·
189 1519 229 1577 do
272 1519 338 1578 fuit
368 1519 545 1594 infirmum,
605 1530 680 1578 tunc
722 1521 806 1600 Papa
848 1520 910 1580 fuit
951 1522 985 1582 in
1026 1543 1136 1602 magna
1176 1524 1325 1596 tristitia,
1429 1517 1430 1584 ἶ

189 1628 220 1678 et
262 1614 386 1679 vocavit
426 1621 565 1680 Medicos
597 1621 727 1699 plures,
786 1629 817 1678 et
859 1619 939 1678 dixit
980 1619 1040 1678 eis:
1092 1622 1135 1697 ,Si
1170 1631 1215 1686 est
1250 1626 1328 1704 pbs-

188 1717 295 1791 sibile,
317 1728 420 1778 sanate
441 1719 520 1778 mihi
542 1719 684 1798 Elephas.
746 1721 837 1780 Tune
855 1719 998 1779 fecerunt
1024 1740 1165 1798 magnam
1188 1721 1326 1800 diligen·-
1429 1721 1430 1770 i

188 1817 281 1890 tiam,
317 1819 513 1879 striderunt
540 1819 570 1876 ei
592 1817 732 1890 urinam,
762 1829 792 1876 et
813 1818 967 1878 dederunt
996 1818 1026 1878 ei
1048 1841 1142 1879 nnem
1162 1820 1328 1900 purgatio-

188 1936 279 1991 nem,
301 1937 380 1996 quae
401 1927 518 1978 constet
539 1917 676 1997 quinque
697 1927 820 1976 eentum
843 1939 969 1978 aureos:
991 1919 1044 1978 sed
1066 1930 1168 1978 temen
1188 1939 1254 1977 non
1268 1937 1328 1997 po-
1429 1995 1430 2000 ἵ

188 2024 316 2075 tuerunt
337 2017 470 2096 Elephas
491 2018 595 2076 facere
615 2017 774 2088 merdare,
808 2017 903 2076 etsie
924 2028 969 2077 est
989 2030 1161 2090 mortuum,
1189 2029 1221 2078 et
1239 2019 1328 2098 Papa

189 2113 274 2173 dolet
295 2117 427 2176 multum
445 2139 541 2198 super
559 2114 702 2194 Elephas.
743 2116 783 2174 Et
797 2116 921 2188 dicunt,
944 2119 1027 2196 qnod
1040 2118 1131 2176 'daret
1151 2118 1242 2176 rnille
1264 2117 1328 2176 ‹lu-

172 2195 272 2273 'catos
294 2236 352 2295 pro
366 2216 518 2296 Elephas,
561 2216 635 2296 quia
656 2215 718 2275 fuit
737 2216 880 2275 mirabile
901 2201 1029 2289 animal,
1050 2215 1168 2278 ,habens
1190 2217 1326 2296 longum

189 2324 326 2374 rostrum
348 2316 382 2375 in
404 2337 514 2396 magna
533 2318 712 2397 quantitate.
771 2317 811 2374 Et
832 2317 954 2394 quando
975 2316 1054 2377 vidit
1075 2317 1204 2394 Papam,
1248 2327 1326 2376 tune

187 2415 380 2494 'geniculavit
401 2416 445 2489 ei,
469 2425 500 2476 et
521 2413 601 2476 dixit
619 2436 689 2476 cum
711 2417 845 2476 terribili
867 2437 959 2490 voce,
989 2417 1063 2490 ber,
1085 2417 1157 2486 bar,
1181 2417 1246 2474 bar.
1285 2417 1327 2474 Et
1429 2431 1430 2454 ³

162 2531 166 2539 ¹
191 2515 302 2588 eredo,
326 2515 408 2594 quod
430 2537 494 2576 non
518 2526 564 2576 est
583 2516 685 2575 simile
706 2517 821 2575 enimel
841 2518 876 2576 in
893 2516 1017 2575 munde.
1080 2514 1214 2586 Dicunt,
1239 2515 1325 2593 quod

188 2615 261 2673 Rex
281 2615 429 2674 Franciae
449 2625 481 2674 et
500 2617 571 2674 Rex
599 2616 729 2676 Carolus
759 2617 903 2676 fecerunt
935 2613 1041 2695 pacem
1071 2615 1110 2674 ad
1130 2613 1245 2672 multos
1266 2633 1325 2672 au·
1429 2633 1430 2674 t

99 2741 101 2752 ·
189 2733 264 2788 nos,
289 2723 319 2772 et
337 2714 522 2793 juraverunt
540 2715 685 2775 invicem.
726 2709 789 2774 Sed
809 2716 935 2776 videtur
951 2715 1122 2794 aliquibus,
1151 2711 1235 2792 qued
1253 2713 1323 2771 talis
1429 2707 1430 2718 ¹

189 2833 254 2893 pax
276 2823 320 2872 est
338 2814 508 2886 cautelosa,
542 2823 573 2873 et
594 2833 659 2872 non
682 2813 805 2874 durabit
826 2814 890 2873 diu.
953 2815 1018 2898 Ego
1040 2814 1144 2873 neseio
1167 2813 1323 2890 quomodo
1429 2847 1430 2896 p

192 2921 256 2988 est,
302 2911 394 2972 etiarn
416 2932 480 2971 non
501 2914 635 2974 inultum
657 2933 748 2986 curo,
791 2913 864 2993 quia
886 2914 1009 2992 quando
1029 2912 1122 2973 venio
1144 2912 1260 2972 iterum
1285 2911 1323 2971 ed
1429 2985 1430 3002 Χ

190 3011 384 3084 Almaniam,
422 3024 497 3072 tune
524 3013 577 3071 ibo
606 3013 645 3076 ad
673 3013 843 3072 Pastoriam
871 3033 988 3084 meam,
1027 3023 1064 3072 et·
1087 3012 1205 3072 habebo
1227 3013 1323 3070 bonos
1429 3007 1430 3064 l

191 3110 274 3184 dies,
317 3112 390 3190 quia
408 3101 506 3172 habeo
529 3112 574 3172 ibi
596 3114 706 3173 multas
727 3133 833 3186 aucas,
856 3123 887 3172 et
908 3113 1054 3193 gallinas,
1078 3122 1107 3171 et
1128 3121 1271 3184 unnetas,
1294 3120 1324 3170 et
1429 3121 1430 3192 l

191 3229 315 3290 possum
343 3210 456 3270 habere
482 3211 517 3272 in
545 3212 636 3272 domo
665 3234 734 3273 mea
766 3213 903 3291 quinque
931 3212 983 3271 vel
1009 3212 1065 3270 sex
1091 3230 1216 3284 ruccas,
1244 3227 1323 3289 quae
1429 3217 1430 3236 ³

193 3306 407 3370 dabunt'rnihi
426 3312 490 3384 lae,
510 3314 594 3393 quod
614 3313 695 3374 facio
719 3333 820 3372 caseos
841 3323 870 3373 et
891 3310 1046 3386 butirum3
1077 3289 1161 3387 ‘quis
1179 3311 1252 3370 volo
1266 3311 1322 3372 ha·
1429 3359 1430 3386 3

192 3410 267 3470 bere
289 3412 399 3470 Coram
410 3456 419 3486 ,
441 3433 520 3493 quae
542 3413 617 3473 facit
637 3412 717 3472 mihi
734 3412 825 3485 talia,
846 3421 877 3471 et
897 3412 987 3470 debet
1006 3406 1210 3490 esse'antiqua
1221 3433 1231 3487 5
1250 3411 1323 3490 quia
1429 3481 1430 3494 χ

193 3509 220 3569 si
241 3520 319 3571 esset
337 3511 476 3590 juvenis,
497 3524 573 3574 tunc
595 3515 711 3574 faceret
729 3512 808 3571 mini
820 3511 1003 3571 tentationes
1025 3511 1141 3584 carnis,
1181 3511 1223 3568 ita
1240 3509 1323 3589 quod

192 3624 318 3690 possum
337 3633 479 3691 peecare,
534 3615 606 3695 Ipsa
624 3614 715 3674 etiam
735 3613 824 3673 debet
846 3611 925 3670 mihi
946 3630 1036 3685 nere,
1079 3611 1152 3691 quie
1172 3629 1272 3668 emam
1295 3607 1324 3666 ei
1429 3641 1430 3650 κ

192 3710 304 3772 linum.
346 3714 387 3774 Et
406 3715 479 3775 volo
498 3713 614 3774 hebere
634 3715 711 3774 duos
731 3714 783 3772 vel
804 3723 865 3770 tres
885 3727 1012 3789 porcos,
1047 3719 1078 3770 et
1098 3711 1171 3774 volo
1193 3729 1245 3770 eos
1263 3709 1323 3767 im·
1429 3791 1430 3798 ἵ

194 3811 337 3894 pignere,
380 3814 463 3894 quod
482 3815 603 3876 fuciunt
617 3814 695 3874 milri
716 3815 831 3873 bonum
852 3809 994 3882 lardum,
1034 3809 1108 3888 quia
1127 3818 1198 3869 ante
1218 3807 1323 3868 omnia
1429 3883 1430 3888 η

194 3915 267 3974 volo
290 3915 324 3974 in
354 3915 445 3973 dorno
471 3935 540 3975 mes
568 3915 682 3975 habere
706 3914 786 3974 bona
808 3909 951 3988 coquilia.
1011 3909 1113 3969 Etiam
1132 3909 1205 3969 volo
1227 3907 1323 3968 semel
1429 3925 1430 4002 ἐ

196 4025 329 4074 mactare
350 4033 448 4074 unum
468 4025 612 4089 taurum,
634 4024 664 4074 et
685 4010 847 4073 dimidium
869 4009 943 4068 volo
963 4009 1100 4070 vendere
1120 4007 1258 4083 rusticis,
1293 4014 1322 4063 et

196 4115 360 4174 dimidium
379 4117 451 4175 volo
474 4099 661 4196 suspendere
681 4114 715 4174 in
744 4113 841 4172 fumo.
902 4111 942 4170 Et
964 4119 1047 4169 retro
1076 4108 1203 4168 domum
1225 4106 1323 4166 habeo

196 4215 342 4288 hortum,
364 4215 512 4276 ubiwolo
533 4215 683 4275 seminare
703 4214 829 4286 allium,
851 4231 975 4292 coepas,
997 4209 1205 4290 petrosiliurn,
1225 4217 1257 4268 et
1269 4225 1324 4269 vo-
