2872 4722
392 335 664 400 OBSCUR.
709 339 934 403 VIROR.

180 493 254 556 [deo
275 495 450 574 loquuntur
467 496 516 554 ita
532 493 706 566 indiscreta·

184 596 227 652 Ut
245 596 302 652 isti
324 591 387 652 duo
403 597 655 674 praesumptuosi
674 594 854 674 trusatorss,

179 695 248 771 Qui
265 703 380 752 vocant
399 695 574 771 Magistros
593 705 712 754 nostroe
726 714 835 765 osores,

178 791 245 850 Sed
263 794 423 870 Magister
439 802 542 872 noster
552 781 597 852 ⁵de
616 797 780 874 Hogstrat·
793 791 879 852 debet
894 815 942 856 eos
963 797 1072 872 citare,

178 893 270 950 tune
289 889 354 949 non
371 890 508 968 amplius
522 890 680 952 audebunt
700 893 895 953 illuminatos
921 914 1042 956 verare.

177 990 294 1050 Valete
324 1001 355 1050 et
382 989 511 1050 salutate
537 990 617 1051 mihi
644 1011 715 1052 cum
742 1011 854 1072 magua
879 995 1054 1056 reverentis
1074 995 1227 1065 Dominos

93 1109 180 1150 meos
193 1091 240 1152 Μ.
251 1101 392 1150 nostrum
406 1088 580 1150 Arnoldum
600 1088 639 1150 dc
659 1090 830 1172 Tangeris,
852 1102 884 1152 et
901 1093 946 1153 M
958 1106 1097 1158 nostrum
1117 1096 1227 1158 Remi-

91 1189 180 1270 giam
187 1231 198 1264 ,
236 1199 268 1250 et
288 1191 332 1250 M.
353 1199 493 1248 nostrum
513 1187 715 1250 Valentinum
737 1190 777 1249 de
797 1189 1030 1273 Geltersheym,
1063 1207 1095 1254 et
1113 1196 1228 1258 Domi-

90 1308 171 1348 num
190 1276 338 1349 JacoBum
359 1286 398 1347 dc
418 1286 541 1363 Gauda,
562 1287 691 1350 Ordinis
711 1287 977 1368 Praedicatorum,
1005 1291 1131 1356 Portam
1152 1296 1226 1360 sub·

89 1387 290 1463 etiannum,
311 1398 344 1449 et
358 1386 442 1448 alios.

209 1559 260 1616 M.
281 1549 511 1615 Hiltebrondus
534 1554 747 1615 Mammocsus
775 1555 806 1616 S.
831 1555 874 1616 D.
895 1557 943 1618 M.
966 1526 1133 1622 Crastino(

176 1692 372 1754 Amicissime
398 1691 539 1752 Domine
564 1691 717 1752 Ormines
763 1712 828 1753 non
854 1713 978 1775 possum
1005 1699 1069 1779 jam
1089 1697 1224 1763 scribere
1344 1763 1353 1784 ,

88 1793 256 1873 eleganter
276 1791 441 1874 Epistulam
471 1788 640 1858 secundum
661 1801 843 1874 praecepta,
879 1813 958 1876 quae
982 1796 1159 1860 scribuntur
1187 1799 1224 1862 in

87 1890 192 1952 modo
213 1889 415 1970 Epistolandi:
449 1889 523 1970 quia
546 1888 606 1951 hoc
626 1898 748 1971 tempus
767 1909 831 1952 nou
851 1893 1024 1972 permittit:
1051 1896 1106 1959 sed
1125 1917 1223 1979 opor·

87 2001 139 2051 tet
161 1990 299 2052 breviter
317 1999 347 2050 et
368 1987 471 2050 statim
492 1989 691 2050 manifestare
709 1989 816 2070 paucis
837 1991 941 2053 verbis
961 1994 1037 2074 quid
1057 2007 1116 2073 est,
1133 1999 1223 2078 vquod
1263 2055 1265 2064 ,

84 2089 192 2151 habeo
212 2089 361 2170 expedire
382 2098 486 2148 cuum
512 2107 609 2148 unum
637 2089 812 2164 vobiscum,
847 2089 902 2169 qui
923 2100 969 2152 est
987 2093 1156 2172 mirabilis,
1191 2109 1223 2162 et

87 2198 134 2249 est
153 2188 226 2248 talis
246 2207 306 2250 res.
368 2189 433 2249 Vos
460 2186 575 2248 debetis
605 2189 797 2270 intelligere,
834 2189 917 2276 quod
937 2188 989 2252 hic
1009 2205 1054 2252 est
1072 2197 1221 2258 terribilis

85 2289 189 2363 fama,
223 2297 256 2348 et
276 2305 383 2346 omnes
403 2285 538 2361 dicunt,
558 2286 643 2366 quod
667 2286 702 2346 in
728 2286 824 2348 Curia
844 2288 985 2350 Romana
1005 2309 1095 2376 raupa
1115 2295 1218 2376 Magi-

83 2398 225 2448 atrorum
245 2393 423 2446 nostrorum
443 2385 524 2444 rnale
544 2394 617 2459 stat,
640 2385 714 2465 quia
733 2383 850 2453 dicunt,
871 2387 954 2466 quod
973 2389 1058 2468 Papa
1076 2389 1146 2449 vrrlt
1163 2411 1221 2452 au-

82 2486 244 2546 tentinare
265 2485 464 2559 sententiam,
494 2504 574 2564 quae
593 2493 664 2543 ante
688 2503 804 2546 annum
825 2484 888 2544 lata
908 2493 953 2545 est
972 2485 1007 2546 in
1028 2486 1138 2568 Spira,
1158 2509 1218 2569 pro

80 2587 233 2645 Doctore
251 2582 412 2644 Reuchlin.
454 2583 587 2663 Quando
607 2581 731 2656 audivi,
758 2593 833 2643 tuuc
852 2582 896 2644 ita
915 2581 1025 2659 timui,
1051 2586 1134 2665 qnod
1154 2608 1219 2649 non

81 2682 177 2764 potui
201 2680 328 2760 aliquod
347 2683 477 2744 verbum
498 2682 617 2755 dicere,
645 2690 677 2741 et
695 2680 745 2742 fui
765 2681 845 2743 sicut
864 2691 984 2757 mutus,
1015 2693 1046 2746 et
1065 2697 1123 2765 per
1141 2686 1218 2748 duas

82 2792 193 2843 noctes
214 2801 280 2840 non
297 2780 447 2853 dormivi:
489 2782 573 2860 Quia
592 2779 684 2841 amici
703 2778 859 2840 Reuchlin
877 2781 1028 2864 gaudent,
1049 2794 1081 2844 et
1099 2787 1218 2850 vadunt

18 2921 21 2931 ·
82 2882 205 2962 ubique
230 2880 417 2942 seminantes
443 2880 532 2942 istam
560 2883 690 2946 famam:
728 2887 759 2938 et
778 2898 834 2958 ego
862 2900 927 2943 non
947 2882 1120 2960 crederem,
1154 2886 1217 2948 nisi

82 2981 235 3042 vidissem
255 3001 351 3042 uuam
377 2981 499 3042 literam
527 2982 620 3042 unius
641 2977 783 3060 Magistri
801 2981 900 3042 nostri
920 2983 959 3042 de
979 2983 1100 3045 Ordine
1120 2986 1217 3050 Prac-

84 3079 279 3155 dicatorum,
316 3079 352 3140 in
378 3101 439 3160 qua
467 3077 589 3158 scripsit
611 3099 682 3140 oum
709 3096 820 3156 magna
838 3079 963 3144 tristitia
983 3082 1071 3146 illam
1092 3087 1217 3148 nontin·

84 3190 156 3240 tem.
201 3181 242 3240 Et
261 3199 333 3240 cnm
354 3179 414 3240 hoc
433 3178 572 3258 scripsit,
600 3177 686 3258 quod
701 3178 786 3257 Papa
805 3179 962 3258 permisit,
992 3182 1076 3262 quod
1096 3187 1215 3263 Specu-

84 3277 150 3338 lum
173 3279 300 3340 ccalare
330 3278 420 3338 debet
446 3277 482 3338 in
503 3275 598 3337 Curia
616 3277 758 3336 Romana
781 3277 939 3358 imprimi,
973 3291 1004 3340 et
1030 3292 1215 3344 mercatores

84 3377 202 3440 debent
220 3377 374 3452 vendere,
395 3386 426 3437 ot
444 3376 544 3436 omnis
564 3374 657 3436 homo
677 3376 767 3437 debet
785 3375 897 3455 legere.
937 3377 978 3437 Et
998 3379 1141 3458 magister
1156 3401 1215 3440 no—

84 3486 145 3536 ster
167 3477 354 3558 Hogstratus
373 3476 474 3536 voluit
495 3474 582 3535 exire
602 3475 729 3536 Curiam
739 3476 921 3547 Romanam,
941 3485 973 3534 st
991 3477 1092 3541 volt'ait
1108 3478 1214 3556 jurare

84 3585 318 3658 paupertatem,
349 3585 423 3636 tunc
446 3573 563 3654 jndices
582 3593 647 3634 non
663 3576 836 3636 -voluernnt
861 3593 933 3633 eum
953 3573 1126 3648 dimittere,
1159 3577 1215 3638 sed

85 3674 253 3750 dixerunt,
274 3673 358 3754 quod
379 3674 469 3734 debet
488 3682 650 3753 expectare
668 3673 780 3746 finem,
806 3681 836 3732 et
855 3670 938 3751 quod
959 3690 1023 3735 non
1043 3682 1142 3762 potest
1161 3675 1214 3755 ju-

84 3792 155 3833 rare
176 3785 409 3855 paupertatem,
443 3772 516 3853 quia
540 3772 669 3832 intravit
697 3772 806 3832 urbem
823 3771 995 3830 Romanam
1022 3778 1093 3830 cunr
1114 3772 1214 3838 tribus

86 3873 191 3952 equis,
229 3882 260 3933 et
280 3872 314 3933 in
338 3873 433 3932 Curia
454 3853 723 3934 Romana⁸habnit
743 3868 977 3943 commensales,
1012 3879 1043 3929 et
1070 3871 1214 3948 exposuit

85 3991 210 4050 magnas
232 3971 397 4052 pecunias,
420 3981 451 4030 et
469 3969 648 4050 propinavit
668 3968 899 4042 cardinalibus,
934 3975 964 4028 'et
984 3968 1159 4048 Episcopis,
1182 3969 1230 4032 et'

87 4069 290 4130 Auditoribus
302 4067 485 4130 consistorii
506 4070 604 4130 multa
623 4088 768 4144 munera,
806 4076 837 4126 et
855 4074 1020 4146 propterea
1038 4087 1103 4126 non
1123 4065 1215 4130 debet
1245 4077 1248 4082 '

85 4166 190 4245 jurare
210 4178 434 4250 paupertatem.
476 4167 626 4228 Osancta
645 4166 762 4241 Maria,
801 4164 878 4244 quid
896 4163 1041 4226 volumus
1056 4184 1144 4226 nuno
1162 4166 1212 4227 fa·
1292 4217 1300 4234 ,

87 4266 181 4328 cerel
222 4268 257 4330 Si
285 4267 459 4351 Theologia
484 4268 530 4330 ita
556 4265 732 4348 spernitur,
772 4263 864 4346 quod,
881 4265 1101 4424 uuus71urista
1118 4266 1212 4330 debet

990 4365 1006 4396 a
