2872 4722
772 51 780 86 l

691 135 700 164 t

227 323 289 390 110
516 381 518 386 .
587 323 994 388 EPISTOLAE

311 486 397 562 Quin
414 482 475 542 tili
489 482 646 541 Dominus
662 479 748 548 dedit
765 503 835 542 enm
854 485 926 543 istis
940 483 1083 548 navibus

307 589 495 645 Potestatem
509 585 694 641 maximam:
724 603 779 640 neo
794 599 856 640 non
870 587 1033 662 specialem
1046 588 1186 665 gratiam

308 685 408 760 Super
428 701 530 738 omnes
545 692 681 739 sanctos:
703 683 780 760 quia
801 692 838 740 tu
855 703 885 740 es
896 686 1143 764 privilegiatus:

310 781 400 862 Quod
414 781 520 854 solvis,
537 792 582 838 est
600 781 752 856 solutum,
775 782 916 840 interris
934 795 965 842 et
983 805 1040 862 per
1058 787 1185 858 eoelum,

304 886 349 943 Et
363 879 514 960 quiequid
529 878 583 948 lsie
606 880 775 958 ligaveris,
814 883 949 959 ligatum
965 897 1010 942 est
1032 865 1183 944 incaelis.

303 987 390 1062 Ergo
407 991 436 1038 ts
457 993 596 1048 oramus,
625 999 682 1036 nee
702 999 764 1038 non
788 979 895 1050 deuote
917 983 1141 1060 supplicamus,
1184 1027 1187 1032 ,
1243 1040 1245 1048 ,

311 1084 353 1144 Ut
379 1101 446 1140 ores
473 1100 534 1161 pro
560 1080 676 1140 nostris
700 1082 856 1156 peccatis,
888 1093 1022 1160 propter
1043 1083 1186 1152 honorem
1214 1081 1351 1147 Univer-

635 1180 751 1240 sitatis.
953 1169 955 1182 ¹

302 1318 363 1398 Ipsi
385 1315 508 1389 dicunt,
532 1313 615 1394 quod
636 1315 754 1375 Doctor
776 1315 951 1393 Reuchlin,
972 1319 1028 1400 qni
1046 1316 1198 1380 Hebraiee
1218 1324 1349 1378 vocatur

219 1423 349 1480 loannes
374 1414 531 1497 Capnion,
558 1414 721 1494 acquisivit
740 1437 835 1475 unam
856 1420 1038 1479 sententiam
1059 1439 1118 1499 pro
1139 1438 1171 1477 se
1190 1417 1226 1476 in
1245 1415 1347 1496 Spira,

218 1519 272 1577 sed
292 1516 433 1597 Magistri
453 1513 550 1578 nostri
572 1514 610 1573 de
630 1514 750 1574 Ordine
771 1516 1022 1578 Praedicatorum
1045 1517 1160 1591 dicunt,
1182 1515 1267 1596 quod
1281 1513 1347 1574 ¹non

217 1627 324 1678 nocet:
362 1615 434 1695 quia
463 1613 517 1672 ille
545 1614 727 1694 Episcopus
746 1635 811 1675 non
838 1615 931 1677 habet
950 1615 1186 1696 intelligentiam
1204 1615 1238 1674 in
1262 1635 1347 1674 saera

217 1715 397 1794 Theologia.
460 1715 500 1772 Et
530 1713 677 1792 Magister
700 1727 805 1774 noster
830 1717 1011 1796 Hogstratus
1043 1715 1142 1776 estin
1164 1708 1347 1798 Curiatio-

215 1835 322 1888 suana,
361 1824 390 1873 et
412 1815 490 1873 bene
511 1813 594 1874 visus
615 1815 697 1894 apud
716 1815 888 1875 Dominum
909 1817 1131 1894 Apostolicum.
1190 1801 1346 1873 Et'etiam

214 1915 308 1975 habet
327 1913 538 1972 sufficientiam
561 1912 594 1970 in
614 1913 770 1992 pecuniis,
806 1922 836 1973 et
855 1915 890 1972 in
911 1915 988 1975 aliis.
1049 1917 1114 1996 Ego
1133 1915 1249 1978 vellem
1272 1913 1346 1974 dare

216 2023 347 2096 quatuor
367 2027 500 2092 grossos,
523 2012 605 2092 quod
625 2013 735 2072 scirem
751 2013 912 2076 veritatem
919 2057 928 2087 ,
941 2025 1006 2075 'vos
1027 2015 1151 2074 debetis·
1164 2014 1245 2094 mihi
1268 2013 1346 2073 seri-

112 2167 114 2172 ,
213 2115 298 2174 bere.
360 2112 595 2184 SanctaDeus,
633 2111 787 2190 quidest,
820 2113 903 2191 quod
923 2133 987 2174 non
1007 2115 1129 2176 mittitis
1146 2113 1226 2174 mihi
1248 2115 1346 2173 semel

213 2234 308 2273 unam
330 2209 481 2271 literam?
524 2213 643 2270 Tamen
672 2231 728 2290 ego
755 2211 854 2271 habeo
880 2212 1029 2288 libenter,
1067 2214 1190 2294 quando
1209 2213 1345 2273 scribitis

213 2311 302 2371 mihi.
343 2311 468 2384 Valete,
502 2323 532 2369 et
553 2309 723 2392 dignemini
743 2310 823 2370 mihi
843 2313 977 2372 salutare
997 2315 1180 2394 Magistrum
1200 2299 1344 2373 nostrum

212 2409 415 2474 Valentinum
437 2410 476 2470 de
496 2410 724 2489 Geltersheym,
747 2418 777 2468 et
796 2411 980 2490 Magistrum
999 2425 1139 2487 nostrum
1165 2414 1343 2475 Arnoldum

212 2511 251 2572 de
273 2511 427 2590 Tungaris
446 2509 480 2568 in
501 2511 591 2570 bursa
610 2508 792 2578 Laurentii,
820 2520 851 2570 et
868 2513 1051 2592 Magistrum
1069 2521 1210 2574 nostrum
1231 2514 1344 2574 Remi·
1424 2567 1425 2572 ,

113 2609 120 2620 “
212 2611 314 2690 gium,
349 2618 380 2669 et
400 2609 572 2669 Dominum
592 2611 787 2690 liutgerum,
822 2613 856 2671 in
877 2611 969 2672 bursa
987 2613 1100 2674 montis
1119 2601 1367 2685 Licentiatuin,¹
1425 2619 1427 2628 ⁴

212 2718 243 2768 et
263 2708 444 2789 propediem
466 2708 650 2788 Magistrum
671 2709 888 2786 nostrandum,
911 2731 1033 2772 necnon
1052 2713 1223 2774 Dominum
1243 2699 1342 2772 loan-

210 2827 283 2867 nem
304 2807 503 2867 Pfefferkorn
514 2849 524 2880 ‚
545 2807 650 2868 virum
671 2811 817 2882 zelosum,
839 2819 870 2869 et
889 2811 975 2882 alios,
996 2793 1250 2898 quisunt'bene
1262 2797 1341 2892 qua-

209 2904 317 2966 lificati
338 2905 372 2964 in
394 2904 583 2985 Theologia,
620 2916 651 2967 et
670 2909 705 2968 in
725 2901 868 2986 Artibus,
897 2923 928 2970 et
947 2913 1047 2974 valete
1068 2911 1103 2974 in
1123 2913 1252 2974 nomine
1269 2907 1340 2976 Doss

209 3004 297 3064 mini.
337 3006 453 3064 Datum
472 3005 626 3067 Treveris.
1217 2992 1219 2996 .
1351 3003 1354 3010 Δ

250 3218 428 3296 Stephanus
452 3222 652 3293 Caluastrus,
673 3223 922 3297 Baeculaurius,
943 3229 991 3287 M.
1017 3225 1150 3288 Ortuino
1169 3228 1294 3289 Gratia·

291 3345 428 3430 Salutem
451 3391 521 3432 cum
543 3371 720 3434 humilitate
749 3395 820 3456 erga
840 3387 973 3438 vestram
994 3377 1207 3458 majoritatem,
1228 3380 1337 3440 Vme-

206 3469 312 3530 rabilis
334 3471 470 3530 Domine
490 3471 651 3552 Magister:
693 3475 789 3542 Venit
809 3475 872 3534 huc
894 3496 974 3537 unus
992 3478 1113 3558 socius,
1147 3478 1202 3558 qui
1228 3487 1335 3558 protu-

102 3557 105 3566 ’
206 3570 255 3630 vit
272 3580 355 3630 certa
377 3571 523 3646 earmina,
543 3582 574 3632 et
595 3573 689 3660 disis,
711 3573 794 3652 quod
814 3594 870 3635 vos
890 3576 1101 3655 composuistis
1118 3577 1185 3652 illa,
1207 3586 1238 3635 et
1256 3575 1334 3636 inti·

205 3669 310 3728 mastis
328 3669 363 3730 in
387 3671 526 3732 Colonia.
575 3670 665 3733 Tune
686 3693 767 3732 unus
787 3671 883 3732 Poeta
902 3674 970 3749 hie,
1003 3675 1059 3755 qui
1078 3674 1171 3736 habet
1190 3695 1333 3756 magnam

204 3767 347 3844 laudem,
379 3771 434 3832 sed
463 3791 529 3834 non
558 3781 603 3831 est
633 3771 712 3842 bene
734 3771 944 3848 Christianus,
976 3775 1057 3836 vidit
1081 3775 1151 3850 illa,
1190 3785 1220 3835 et
1242 3769 1332 3848 dixit,

44 3921 52 3949 r
130 3869 131 3874 ’
205 3867 287 3960 quod
308 3889 372 3928 non
394 3879 467 3930 sunt
487 3871 583 3946 bona,
607 3878 638 3931 et
659 3869 742 3950 quod
764 3871 879 3932 habent
898 3873 996 3934 multa
1016 3874 1101 3936 vitis.
1143 3875 1185 3940 Et
1203 3894 1259 3954 ego
1281 3873 1332 3934 di-

203 3966 254 4040 xi,
311 3966 338 4026 si
358 3969 506 4048 Magister
527 3969 679 4050 Ortuinus
701 3970 887 4049 composuit,
919 3980 994 4032 tuno
1015 3993 1079 4034 non
1101 3973 1216 4034 habent
1235 3973 1358 4049 vitiag·

203 4063 263 4128 hoc
283 4073 329 4124 est
349 4077 468 4126 certum
479 4109 489 4142 ,
510 4077 542 4127 et
559 4053 652 4129 volui
668 4068 876 4149 impignorare
895 4071 1032 4132 tunicam
1052 4093 1170 4146 meam,
1199 4072 1282 4152 quod
1304 4073 1333 4134 si

203 4162 259 4221 illa
282 4173 379 4246 metra
399 4165 549 4226 haberent
567 4165 662 4239 vitia,
682 4177 756 4227 tune
773 4187 829 4228 vos
849 4189 913 4229 non
932 4172 1189 4254 comparuissetis:
1232 4172 1287 4234 sed
1304 4170 1331 4230 si

203 4281 258 4321 vos
279 4265 541 4343 composuissetis,
585 4274 660 4326 tune
688 4285 752 4328 non
780 4266 929 4358 haberent
948 4269 1039 4333 vitia:
1079 4283 1110 4334 et
1130 4272 1220 4333 mitto
1240 4271 1330 4334 vobis
