2866 4724
298 322 323 350 0
397 283 956 354 oechRstvltto'n„
1085 321 1086 326 1
1170 289 1234 355 27⁸9

100 451 154 532 qui
177 445 306 512 suntin
319 445 458 512 Colonia.
500 449 562 508 Per
575 449 697 523 Deum,
717 446 773 508 illa
793 465 842 506 ars
861 467 926 506 uon
946 437 1041 526 juvat,
1062 465 1155 524 quam
1172 447 1233 508 mi-

66 597 73 612 .
100 551 135 611 hi
155 551 253 637 semel
273 547 447 610 ostendistis
467 549 502 608 in
522 548 628 609 libello
649 566 764 638 parvo,
809 546 865 626 qui
892 547 955 606 fuit
981 555 1064 605 retro
1091 532 1238 629 scripturi

100 651 194 711 Nune
214 649 362 722 audiatis,
383 646 460 728 quid
479 658 548 728 post
570 649 626 708 illa
646 648 763 708 factum
786 654 839 706 est.
895 644 957 725 Ipsi
979 665 1040 705 una
1061 646 1129 706 vice
1149 648 1232 729 apud

101 751 211 811 vinum
234 749 452 829 quaesiverunt
480 769 531 810 rue
558 746 649 827 (quia
675 745 725 807 fui
745 743 959 824 Curtisauns),
1000 745 1154 823 quomodo
1183 765 1232 806 res

103 859 196 922 staret
223 849 258 909 in
290 869 379 908 causa
406 847 481 908 fidei
511 867 581 908 cnm
608 849 726 908 Joaune
748 844 904 904 Reuchliu
930 852 962 903 et
989 843 1232 908 Coloniensibus.

101 947 279 1028 Respondi:
321 948 382 1008 Per
401 947 524 1020 Deum,
569 967 625 1028 ego
653 945 748 1005 timeo
769 945 904 1004 multum
924 942 964 1006 de
984 942 1039 1000 illo
1061 943 1142 1004 bono
1163 945 1232 1006 viro

101 1048 221 1106 Ioanne
240 1046 412 1119 chclrlin‚
456 1044 539 1126 qnod
560 1054 605 1105 est
624 1045 719 1106 nimis
741 1042 922 1124 pauperad
947 1040 1041 1102 finem
1060 1044 1235 1123 perducen—

102 1146 178 1205 dum
199 1141 285 1204 illum
308 1163 438 1204 oausam.
490 1143 574 1222 Quia
592 1144 821 1204 Praedicatores
842 1141 990 1204 Monachi
1009 1145 1158 1204 remotius
1178 1166 1234 1206 ve-

100 1245 196 1304 niunt
223 1263 292 1302 cum
321 1263 430 1304 eorum
466 1262 624 1303 caseorum
645 1243 749 1318 saccis,
774 1265 867 1324 quam
893 1263 956 1304 una
983 1242 1076 1305 unica
1101 1265 1234 1323 persona

102 1364 173 1402 oum
196 1343 336 1423 pecunia.
382 1345 474 1404 Tunc
493 1364 576 1404 unus
597 1343 692 1404 dixit:
724 1351 865 1403 osancte
885 1343 987 1418 Deus,
1015 1363 1108 1423 quam
1129 1343 1240 1426 magni

100 1463 235 1522 nequam
255 1453 329 1504 suut
347 1443 399 1504 isti
420 1443 585 1517 Monachi,
625 1441 747 1522 quaudo
776 1442 926 1522 colligunt
951 1461 1061 1502 caseos.
1124 1443 1235 1524 Nuper

101 1541 166 1600 fuit
183 1543 292 1602 Frater
313 1543 353 1601 N.
380 1541 472 1623 hujus
501 1541 680 1602 monasterii
712 1540 765 1600 hic
792 1540 826 1600 in
854 1541 931 1602 vilia
953 1561 1040 1616 mea,
1085 1551 1115 1601 et
1133 1543 1234 1604 voluit

102 1642 181 1700 mihi
203 1663 303 1702 meam
317 1661 454 1703 sororem
478 1663 548 1702 eum
569 1651 717 1722 potestate
738 1642 880 1706 tardasse.
934 1643 1002 1724 lpse
1022 1641 1144 1722 fugavit
1165 1661 1233 1702 eum

101 1762 160 1822 per
180 1741 309 1820 gradum
330 1761 424 1822 supra
443 1741 477 1802 in
499 1742 642 1815 domum,
666 1751 697 1801 et
717 1741 854 1802 cucurrit
876 1741 906 1800 ei
925 1749 1004 1824 post,
1025 1753 1057 1802 et
1074 1741 1148 1822 jecit
1166 1761 1233 1803 eam

101 1841 141 1900 ad
160 1841 293 1914 lectum,
321 1849 352 1900 et
370 1841 472 1905 voluit
491 1841 597 1902 levare
620 1841 794 1914 cucullum,
830 1852 861 1901 et
881 1861 952 1900 cum
974 1841 1079 1901 datulo
1099 1842 1234 1904 inferius

101 1941 150 2000 ad.
191 1941 282 1999 Tunc
300 1960 389 1999 soror
409 1941 570 2002 clamarit:
588 1942 672 2002 Herr
684 1941 724 2000 N.
744 1942 828 2002 Hcrr
838 1942 876 2002 N.
890 1949 1018 2016 cessate,
1047 1961 1101 2020 ego
1123 1943 1232 2017 clamo,

101 2039 185 2119 quod
214 2039 313 2098 omnis
339 2038 433 2098 homo
459 2039 564 2114 audit,
608 2049 638 2100 et
667 2050 743 2100 tuuc
774 2041 914 2102 diabolus
940 2059 995 2101 vos
1014 2043 1231 2120 permerdabit

100 2142 193 2199 Tunc
213 2137 279 2218 ipse
299 2137 393 2200 dixit:
415 2154 602 2220 percorpus
622 2143 719 2204 tuum!
745 2141 813 2201 noli
833 2141 981 2202 ciamare:
1003 2161 1058 2221 ego
1079 2141 1150 2201 volo
1172 2142 1231 2201 tibi

99 2259 160 2320 pro
180 2237 372 2300 dedicatione
394 2239 514 2319 aliquid
537 2259 659 2314 emere,
695 2241 779 2319 quod
805 2239 896 2300 debet
916 2239 1053 2298 medium
1074 2239 1231 2302 florenum

99 2339 216 2398 valere.
275 2339 398 2398 Deinde
417 2338 505 2400 venit
524 2350 636 2401 mater:
666 2348 740 2399 tnnc
760 2339 825 2418 ipso
848 2338 1023 2412 descendit,
1052 2351 1083 2402 et
1109 2340 1231 2400 datulus

101 2439 130 2496 ei
151 2437 255 2498 adhuc
274 2439 372 2513 stetit,
392 2438 475 2517 quod
495 2438 617 2499 levavit
630 2437 690 2498 sibi
711 2421 879 2512 cucullam,
903 2439 990 2519 quasi
1011 2437 1138 2508 liaberet
1152 2440 1230 2502 den-

99 2550 163 2598 tem
184 2537 278 2598 rastri
298 2536 439 2598 inferius.
481 2539 572 2598 Tunc
592 2558 673 2597 unus
693 2539 772 2598 alius
791 2537 892 2598 socius
914 2539 1009 2599 dixit:
1046 2539 1073 2597 si
1094 2540 1151 2600 iste
1172 2559 1236 2598 ne*
1314 2589 1317 2600 „

98 2657 192 2718 quam
213 2636 274 2696 hoe
293 2637 415 2696 fecisset
436 2637 538 2697 sorori
567 2657 671 2711 meae,
716 2657 771 2718 ego
799 2639 913 2699 vellem
944 2637 973 2696 ei
997 2638 1152 2699 testiculos
1173 2659 1248 2724 err-¹

97 2737 257 2806 scindere,
299 2746 330 2794 et
356 2736 426 2796 aliis
448 2736 609 2796 Monachi:
635 2737 758 2796 mittere
788 2737 827 2796 ad
856 2737 1039 2798 comendam
1067 2741 1101 2798 iu
1133 2746 1229 2812 aceto,

98 2836 224 2917 quaudo
244 2823 393 2895 haberent
411 2837 525 2896 festum
545 2836 638 2910 lovis.
697 2838 788 2895 'l'nnc
816 2837 872 2896 ille
897 2838 1011 2897 iterum
1033 2837 1131 2896 dixit:
1171 2857 1229 2916 per

96 2923 219 3008 Deum,
259 2953 313 3016 ego
334 2956 399 2994 non
420 2935 519 2996 habeo
538 2937 598 2996 sibi
617 2956 675 3016 pro
705 2936 806 3009 malo,
842 2937 916 3016 quia
937 2943 1058 3018 semper
1079 2939 1152 2997 sunt
1177 2937 1229 2996 in-

97 3036 187 3096 clusi.
227 3035 294 3115 Ego
315 3035 421 3110 credo,
443 3036 567 3115 quamdo
587 3036 695 3106 asinus„
709 3036 836 3096 haberet
857 3037 985 3116 peplum
1004 3057 1112 3116 supra,
1145 3034 1228 3115 quod

96 3157 162 3195 non
184 3145 263 3194 esset
282 3155 407 3194 securus
428 3157 502 3215 prae
522 3136 611 3216 ipsis,
650 3148 680 3194 et
707 3155 802 3216 quare
832 3157 895 3196 nna
924 3137 1100 3196 foeusiualis
1126 3136 1227 3212 imago

95 3255 162 3294 uon
184 3235 310 3294 deberet
339 3234 383 3292 eis
412 3235 542 3294 tenere?
603 3236 693 3295 Tunc
712 3235 930 3314 unusjwuravit
966 3249 996 3294 ct
1021 3235 1115 3301 dixit,
1143 3233 1226 3313 quod

95 3337 231 3394 Ioannes
251 3332 407 3392 Rcuohlin
425 3333 495 3394 vult
514 3335 548 3392 in
567 3355 665 3394 unum
691 3335 808 3396 librum
828 3336 973 3416 colligere
991 3354 1096 3394 omues
1115 3330 1227 3410 nequi-

96 3437 155 3494 tias
176 3432 403 3494 Monaohorum
423 3431 457 3492 in
478 3433 636 3508 Almania,
671 3451 846 3516 perunum
867 3445 1027 3515 vagantem
1048 3433 1122 3492 hine
1141 3431 1229 3504 inde,.
1322 3503 1328 3513 Ι
1428 3477 1429 3486 ,

96 3547 130 3594 et
148 3532 221 3594 vult
241 3533 310 3592 illas
330 3532 528 3592 sanctissimo
549 3533 678 3607 offerre,
700 3544 729 3592 et
750 3537 820 3595 vult
840 3536 959 3595 dicere:
991 3555 1047 3593 eur
1065 3533 1120 3590 illc
1139 3531 1227 3609 Heg-

95 3642 214 3693 straten
236 3652 298 3690 non
313 3632 448 3713 extirpet
468 3633 554 3691 illam
575 3633 733 3694 luxuriam
754 3636 836 3694 inter
855 3637 977 3694 Fratres
997 3633 1091 3693 suos?
1115 3629 1227 3690 Et'di·

95 3733 144 3792 xit
166 3732 239 3806 ille,
275 3731 358 3811 quod
377 3732 526 3792 Monachi
547 3733 666 3792 foetent
692 3734 781 3794 sicut
795 3734 890 3796 hirci:
928 3734 1050 3813 quando
1070 3732 1137 3814 ipse
1156 3728 1226 3789 vult

94 3832 194 3891 semel
213 3831 249 3890 in
268 3832 447 3892 necessitate
462 3853 596 3914 purgare
616 3853 722 3906 renes,
742 3843 817 3894 tuuc
836 3833 903 3915 ipse
924 3842 1029 3913 putat,
1057 3828 1141 3911 qnod
1159 3815 1230 3888 lar⁴

94 3932 151 3992 dat
171 3931 364 3991 Monachum
383 3941 513 4012 propter
533 3909 625 4023 illu‘p:
640 3932 809 4006 foetorem,
846 3953 937 4012 quem
959 3937 1166 4011 conceperunt
1185 3949 1226 3987 ex
1326 4012 1329 4021 1

93 4030 270 4092 Monachis.
315 4030 417 4108 Ergo,
439 4033 484 4092 M.
502 4029 652 4105 Ortuine,
679 4052 735 4091 vos
755 4031 826 4091 estis
846 4053 955 4092 eorum
976 4034 1088 4092 fautor.
1149 4029 1224 4090 Ideo

93 4130 182 4190 scitis
201 4140 289 4219 aute:
317 4131 399 4210 quod
418 4131 577 4193 habebunt
603 4129 694 4190 etiam
715 4130 931 4210 Inquisitorem
953 4129 1226 4192 luxuriae'salaci-
1257 4205 1259 4209 Ι
1426 4121 1429 4208 l

94 4229 167 4290 tetis
186 4231 228 4296 ad
247 4217 339 4291 illum
360 4221 564 4312 Hogstraten‚
597 4229 652 4312 qrti
674 4241 720 4292 est
739 4231 907 4313 Inquisitor
926 4232 1098 4296 haereticae
1117 4227 1224 4310 pravi·
1390 4231 1393 4234 ⁴
1428 4217 1429 4220 ¹
