2896 4716
424 341 964 410 osscun,v1non
1081 329 1085 332 ’
1194 339 1258 412 ns

122 503 204 564 rium
232 500 400 562 defensum
427 500 542 562 hebere
569 512 676 564 contre
704 501 815 564 infidos
841 516 872 562 et
896 502 1046 584 captiosos
1075 504 1258 584 Theologos,
1316 492 1321 503 ¹

123 604 205 683 Ergo
214 602 418 662 Pfefferkorn
441 601 601 662 manifeste
622 611 667 662 est
687 600 848 674 falsarius,
859 602 932 681 quio
949 603 1091 664 falsificat
1105 605 1157 666 vel
1169 625 1258 682 mep-

123 696 198 763 titu'r
218 701 452 761 commissiones
470 699 658 780 imperiales.
718 700 917 780 Respondeo,
940 702 1023 781 qood
1046 703 1084 762 de
1105 702 1258 783 Episcopo

125 799 304 861 Coloniensi
320 820 395 884 non
407 809 547 872 curatur,
576 799 649 880 quia
666 808 713 859 est
736 809 885 859 mortuus.
927 800 989 859 Sed
1009 799 1048 860 de
1069 801 1263 883 Imperatore·

126 904 255 962 loannes
275 896 477 963 Plefferkoru
497 899 636 977 loquitur
655 897 919 973 intentionaliter,
942 899 1138 979 stimplicite,
1160 923 1260 981 quan·
1287 978 1289 992 1

124 1009 188 1060 tum
218 1001 259 1058 ad
281 998 414 1079 primam
444 995 640 1078 Imperatoris
669 1007 814 1057 mentem.
878 996 961 1076 Quia
980 997 1099 1079 primo,
1135 1000 1258 1078 qnando
1315 1055 1319 1062 .

124 1100 256 1159 loannes
277 1097 478 1158 Pfcfferkorn
505 1095 621 1176 incepit
651 1093 735 1154 istud
763 1096 918 1157 laudabile
939 1099 1097 1178 negotium
1116 1097 1150 1158 in
1170 1121 1260 1161 causa

123 1197 215 1262 fidei,
238 1206 273 1256 ut
296 1197 414 1256 feceret
437 1195 623 1256 comburere
643 1193 739 1254 libros
761 1196 965 1262 Iudaeorum.
991 1210 1067 1258 tunc
1087 1199 1261 1280 Imperator

125 1296 188 1354 fuit
208 1295 452 1362 intentionatus,
473 1305 509 1355 ut
528 1292 707 1368 videbatur,
734 1294 816 1374 quod
836 1295 932 1386 vellet
953 1299 1134 1360 comburere
1155 1321 1261 1359 omnes

123 1394 240 1469 libros,
272 1394 327 1476 qui
350 1403 422 1454 sunt
442 1403 549 1456 contre
570 1393 663 1454 fidem
684 1393 890 1456 christianam.
953 1396 1014 1460 Sed
1035 1397 1116 1458 liber
1135 1399 1261 1462 Ioannis

123 1493 285 1553 Reuehlin
306 1503 351 1554 est
367 1493 446 1554 telis.
507 1494 591 1574 Ergo
619 1493 803 1572 Imperatori
833 1495 1014 1565 videbatur,
1054 1497 1139 1576 quod
1165 1498 1262 1569 vellet

123 1592 219 1652 etiam
241 1613 312 1654 eum
335 1585 527 1654 committere
556 1592 595 1653 ad
625 1593 878 1654 comburendum.
939 1596 1038 1673 Igitur
1058 1595 1260 1658 Pfefferkorn

123 1691 253 1766 scribit,
275 1683 357 1772 quid
375 1694 552 1773 Imperator
572 1691 742 1764 commisit,
763 1692 908 1755 videlicet
928 1692 1096 1773 implicite,
1118 1715 1182 1766 non
1204 1716 1261 1756 ex-

126 1811 245 1872 presse.
303 1791 343 1852 Et
359 1792 426 1872 ipse
445 1801 549 1872 putat,
570 1789 654 1870 quod
674 1789 745 1850 setis
766 1789 843 1866 fuit,
875 1792 958 1872 quod
980 1793 1152 1873 Imperator
1176 1815 1262 1856 com·

126 1890 216 1951 misit
236 1889 265 1950 ei
285 1891 378 1950 semel
405 1891 444 1950 de
464 1889 553 1950 libris
573 1889 781 1977 ludaeorum,
815 1891 871 1950 sub
894 1891 1006 1971 quibus
1024 1893 1263 1974 reprehendun·

125 1997 180 2050 tur
200 1989 292 2050 etiam
310 1990 386 2051 libri
407 1987 617 2052 haereticules.
658 1987 743 2066 Quia
761 1989 868 2049 audivi
890 2010 964 2070 ego,
994 1992 1088 2072 quod,
1109 1992 1136 2052 si
1156 1994 1262 2075 Impe-

124 2097 211 2148 rator
229 2089 391 2150 mansisset
411 2088 446 2150 in
467 2087 524 2147 illo
544 2087 695 2150 laudabili
721 2087 899 2168 proposito,
935 2102 1010 2150 tunc
1031 2092 1184 2174 Theologi
1205 2116 1263 2157 vo-

124 2187 255 2248 luerunt
274 2209 383 2250 omnes
402 2186 547 2247 librarios
574 2207 632 2268 per
651 2196 748 2247 totam
769 2187 947 2248 Almaniem
967 2190 1109 2265 visitare,
1143 2204 1174 2252 et
1194 2213 1263 2254 om-

124 2307 181 2346 nes
201 2288 299 2346 malos
319 2289 416 2348 libros
437 2285 637 2357 comburere,
672 2282 854 2366 praesertim
884 2285 981 2346 libros
1006 2288 1138 2350 istorum
1162 2313 1263 2352 novo·

123 2407 200 2447 rum
215 2387 459 2468 Theologorum,
481 2384 535 2463 qui
554 2404 618 2444 non
630 2384 745 2446 hebent
764 2384 1006 2448 fundumentum
1017 2409 1107 2450 suum
1123 2411 1163 2452 cx
1178 2394 1264 2454 Doc-

123 2496 199 2546 tore
219 2495 343 2561 sancto,
378 2487 565 2546 choctore
584 2482 709 2557 subtili,
742 2493 772 2544 et
793 2503 833 2544 ex
855 2484 992 2545 Doctore
1012 2489 1199 2570 Seraphico,
1234 2500 1265 2551 et

126 2585 265 2646 Alberto
278 2585 397 2663 Magno.
452 2583 547 2662 Quod
567 2581 677 2643 fuisset
697 2580 806 2661 utique
827 2583 984 2647 laudabile
1003 2600 1035 2648 et
1055 2589 1145 2650 valde
1166 2588 1264 2669 profi-

125 2703 245 2757 cuum,
273 2695 304 2742 et
323 2684 432 2758 oredo,
461 2683 545 2763 quod
567 2681 669 2742 adhuc
689 2682 766 2757 erit,
807 2683 890 2762 qnod
911 2685 1027 2747 tribuat
1048 2688 1263 2774 Omnipotens,
1370 2673 1378 2690 ’

124 2783 186 2863 qui
213 2792 327 2864 regnet
345 2803 404 2868 per
428 2782 553 2859 omnic,
593 2791 625 2842 et
651 2801 746 2866 super
772 2783 893 2858 omnis,
930 2794 962 2845 et
997 2787 1083 2850 omni
1117 2800 1263 2871 tempore.

125 2885 241 2945 Amen.

254 3046 427 3108 Eokbertns
452 3047 620 3127 Ungenont
637 3050 686 3110 M.
709 3047 844 3108 Ortnino
867 3049 979 3114 Gratia
999 3041 1146 3118 salutem
1180 3051 1183 3064 ’

214 3183 411 3245 Venerabilis
423 3183 559 3245 Domine
572 3197 603 3243 et
616 3184 725 3246 Amice
740 3184 996 3266 singularissimc!
1018 3190 1084 3251 Diu
1107 3203 1160 3265 est,
1182 3193 1266 3272 quod
1357 3179 1363 3192 ’

128 3305 197 3351 non
217 3283 314 3346 hebui
335 3284 461 3346 nuntios
467 3325 477 3358 ,
511 3295 546 3344 ut
574 3303 695 3365 possem
725 3284 860 3365 dirigere
888 3286 993 3346 literas
1019 3288 1058 3347 ud
1080 3289 1265 3350 dominatio-

129 3407 207 3447 nem
227 3396 378 3458 vestrsm,
400 3383 474 3444 alias
494 3383 552 3442 diu
572 3382 760 3462 scripsissem
778 3384 874 3446 vobis.
923 3385 1058 3448 Parentis
1080 3406 1153 3468 ergo
1174 3389 1264 3464 mibi,

132 3487 208 3564 qnia
227 3485 362 3545 libenter
380 3482 567 3563 scripsissem
585 3480 690 3556 vobis,
732 3483 759 3542 si
786 3482 960 3544 habuissem
987 3485 1142 3546 nuntium.
1204 3489 1266 3548 Sed

130 3588 213 3644 sicut
233 3583 398 3664 scripsistis
418 3583 516 3658 mihi,
536 3581 622 3663 quod
642 3581 792 3662 Magister
810 3591 915 3646 noster
934 3581 1119 3648 Valentinus
1135 3584 1174 3644 de
1190 3586 1267 3647 Gel-

133 3683 283 3743 terslreim
306 3683 387 3743 dixit
407 3681 512 3754 vobis,
541 3680 626 3760 quod
645 3679 761 3742 debetis
781 3682 861 3742 mihi
880 3680 1032 3757 scribere,
1063 3684 1146 3768 quod
1166 3684 1268 3756 sdhuc

133 3781 213 3843 duos
232 3782 369 3842 florenos
387 3781 484 3842 debeo
504 3781 534 3840 ei
555 3799 615 3861 pro
636 3780 837 3856 lectionibus,
872 3781 995 3861 quando
1023 3783 1095 3842 steti
1121 3784 1156 3844 in
1175 3788 1268 3850 bures

132 3903 205 3945 sua:
234 3881 355 3954 scietis,
373 3881 468 3962 'quod
486 3879 570 3942 nihil
591 3882 665 3944 volo
689 3881 725 3944 ei
738 3881 826 3954 dere,
855 3882 928 3962 quia
947 3882 1014 3962 ipse
1036 3882 1128 3944 etiem
1148 3885 1269 3964 promi-

135 3982 177 4041 sit
196 3982 277 4042 milri
297 3983 413 4054 multa,
447 3993 479 4040 et
498 3980 594 4055 dixit,
631 3981 715 4062 qnod
735 3982 830 4044 vellet
849 3981 928 4042 mihi
949 3981 1024 4041 dere
1046 3981 1139 4042 bones
1160 3983 1269 4064 propi-

133 4101 205 4155 nas,
248 4064 341 4194 qufodp
354 4083 434 4143 irent
455 4081 542 4142 omni
570 4080 622 4140 die
649 4081 697 4141 bis
719 4081 772 4142 vel
791 4093 840 4142 ter
865 4081 905 4142 ad
922 4078 1084 4156 Rhenum,
1122 4081 1269 4159 videndo,

136 4182 261 4259 qnando
284 4201 378 4243 naves
396 4181 526 4244 veniant
546 4199 587 4248 ex
607 4181 746 4261 pertibus
760 4180 977 4243 inferioribus:
996 4191 1028 4241 et
1038 4179 1162 4262 quando
1173 4183 1270 4244 Besni

131 4292 208 4348 sunt
228 4282 328 4358 intus,
349 4295 424 4342 tuuc
446 4281 590 4342 deberem
607 4280 652 4340 eis
672 4282 817 4356 sundere,
832 4282 922 4366 „quod
944 4280 1105 4342 visitarent
1124 4281 1159 4340 iu
1179 4281 1271 4341 burso
