2872 4722
204 333 265 398 140
568 325 971 404 EPISTOJLAll

200 501 347 574 gumenta
365 512 429 552 non
450 489 639 556 concludunt
656 490 843 566 formaliter,
863 491 940 552 alias
961 513 1000 554 ex
1020 491 1122 574 prims
1142 493 1263 557 ratione
1284 517 1334 556 se-
1425 505 1426 562 ξ

200 603 366 673 queretur,
398 590 481 672 'quod
499 589 548 648 illi
570 585 754 666 Christiani,
791 590 846 672 qui
864 591 1068 672 perdiderunt
1088 607 1217 676 propter
1243 617 1332 666 susm
1425 621 1426 642 ἢ

199 693 358 752 luxuriam
380 699 498 770 partem
519 709 613 746 unam
636 709 652 746 e
675 710 732 748 suo
755 691 927 766 membro,
946 703 982 753 ut
1008 709 1098 773 saepe
1125 695 1276 776 contingit
1296 697 1333 756 in

199 789 387 854 secularibus
408 797 438 848 et
456 786 669 866 spiritualibus
689 789 850 868 personis,
892 789 983 856 etiam
1004 791 1200 855 crederenter
1219 793 1253 854 in
1274 815 1334 854 ex·
1425 823 1426 838 ¹

122 895 124 901 ’
199 899 299 952 tremo
317 885 435 968 judicio
456 903 520 944 esse
533 882 660 944 ludaei:
701 888 756 948 sed
776 887 836 948 hoo
859 909 993 954 asserere
1016 899 1060 950 est
1079 891 1286 968 hoereticum,
1302 904 1334 954 et

199 986 341 1068 Magistri
369 983 468 1046 nostri
498 982 671 1045 haereticae
691 987 865 1065 pravitatis
900 988 1099 1068 inquisitores
1135 1011 1343 1074 nequaquem
1425 1019 1426 1036 ¹

200 1086 390 1156 concedunt,
425 1081 499 1161 quie
524 1079 585 1160 ipsi
604 1080 778 1160 [aliqnando
808 1085 900 1147 etiam
916 1097 1000 1147 'sunt
1027 1088 1198 1160 defectuosi
1217 1093 1252 1162 in
1273 1092 1334 1154 ists
1425 1095 1426 1140 3

198 1196 304 1268 parte,
322 1181 377 1242 sed
397 1179 457 1240 boc
474 1197 538 1238 non
556 1179 706 1258 contingit
725 1181 800 1264 ipsis
822 1205 861 1242 ex
883 1186 1113 1264 meretricibus,
1134 1190 1189 1249 sed
1205 1190 1331 1270 quondo
1425 1201 1426 1262 ἶ

198 1289 233 1346 in
254 1281 374 1348 balneis
395 1299 428 1337 se
450 1299 513 1342 non
542 1279 735 1358 praevident,
796 1283 931 1343 Idcirco
949 1305 1067 1363 precor·
1088 1286 1331 1358 dominationem

175 1394 332 1470 'vestrum
352 1377 516 1449 humiliter
537 1387 567 1436 et
587 1378 765 1456 devotarie,
802 1381 886 1462 quod
913 1384 1016 1451 uelitis
1043 1396 1145 1462 vestra
1173 1387 1332 1448 decisione
1425 1375 1426 1440 ἒ

156 1510 170 1532 s
199 1483 406 1546 determinare
434 1476 481 1537 rei
508 1476 691 1553 veritatem,
733 1488 765 1540 ct
791 1479 982 1562 interrogare
1002 1504 1133 1546 uxorem
1155 1486 1195 1544 D.
1222 1487 1330 1546 Joann.
1425 1487 1426 1522 ³

197 1583 412 1651 Plefferkorn,
441 1597 481 1636 ex
502 1595 655 1654 quocum
677 1579 932 1656 cohonestatis,
968 1592 998 1643 et
1015 1583 1073 1642 illa
1092 1605 1156 1651 non
1175 1604 1331 1645 vesocen-1

87 1735 92 1746 t
197 1685 290 1745 datur
312 1680 415 1750 dicere
434 1675 538 1748 vobis,
565 1695 766 1757 quaecuuque
785 1677 896 1753 vultis,
926 1689 1055 1760 propter
1075 1682 1167 1743 illam
1182 1685 1331 1745 amicabi-

197 1787 259 1846 lem
282 1775 561 1847 conversationem,
580 1797 673 1855 quom
692 1775 811 1848 habetis
832 1776 902 1844 eum
922 1778 991 1844 viso
1004 1800 1069 1853 suo,
1109 1782 1149 1855 Et
1163 1802 1218 1862 ego
1236 1783 1330 1844 etiam
1425 1773 1426 1796 i

198 1881 307 1954 audio,
337 1876 419 1957 qnod
441 1875 511 1935 estis
532 1873 596 1952 ejus
618 1874 791 1935 confessor:
832 1887 998 1958 propterea
1022 1880 1148 1958 potestis
1160 1901 1226 1940 eam
1242 1901 1330 1957 corn-

196 1983 315 2066 pellere
336 1976 392 2036 sub
412 1994 512 2054 poena
532 1984 653 2034 sunctae
675 1974 875 2036 obedientiae.
931 1977 1067 2038 Dicatis:
1108 1979 1246 2049 Domina
1273 1979 1329 2053 mi,
1425 1999 1426 2050 ξ

112 2083 114 2086 .
196 2082 297 2144 nolite
317 2071 544 2145 verecundari,
574 2093 629 2153 ego
651 2073 732 2148 scio,
764 2071 847 2153 quod
870 2074 941 2135 esti,
961 2075 1090 2152 hom„
1110 2098 1256 2158 persona,
1286 2081 1331 2140 si·
1425 2071 1426 2102 ι

148 2195 150 2197 ’
197 2193 250 2242 cut
271 2187 315 2239 est
335 2195 399 2236 una
417 2172 451 2232 in
473 2171 621 2246 Colonia,
656 2191 720 2232 non
741 2185 814 2253 peto.
834 2175 1031 2242 inhonestum
1055 2176 1192 2251 euobis,
1218 2177 1273 2237 sed
1295 2191 1332 2238 ut
1425 2207 1426 2250 ᾗ

198 2273 400 2341 manifestetis
429 2270 508 2330 mibi
538 2271 586 2330 rei
610 2273 803 2340 veritatemi
829 2284 934 2334 utrum
963 2274 1092 2343 maritus
1112 2285 1213 2347 vester
1235 2277 1332 2345 habet
1425 2295 1426 2302 ¹

196 2375 414 2462 praeputium,
440 2373 493 2433 vcl
513 2390 593 2443 non,
623 2371 730 2431 dicatis
751 2371 896 2444 audacter
913 2374 980 2441 sine
1000 2375 1202 2452 verecundio3
1221 2393 1331 2436 amore
1425 2427 1426 2446 ,

191 2479 270 2552 llei,
290 2475 365 2562 quid
377 2471 503 2533 tacetis?
525 2472 644 2531 Verum
658 2490 714 2552 ego
725 2472 799 2531 nolo
812 2494 868 2534 vos
890 2473 1009 2548 docere,
1032 2491 1087 2533 vos
1103 2474 1214 2544 melius
1233 2475 1331 2547 scitis,
1425 2457 1426 2482 ¹

170 2605 172 2610 ·
195 2576 352 2661 quomodo
366 2571 482 2634 debetis
494 2567 672 2634 voshabere
684 2591 755 2644 cum
769 2570 967 2648 mulieribus,
987 2591 1079 2657 quam
1096 2592 1161 2654 ego.
1208 2574 1330 2635 Datum
1425 2565 1426 2634 J

78 2719 87 2724 ,
196 2677 319 2758 raptim.
367 2673 417 2733 Ex
426 2669 622 2750 Erphordis,
643 2690 684 2738 crs
694 2673 846 2741 Dracone.
1152 2673 1155 2683 '
1425 2649 1426 2674 l

197 2842 441 2916 Padormaonnsl
460 2835 685 2908 Fornocificis,
712 2824 930 2911 Licentiatrss,
966 2841 1016 2912 M,
1044 2838 1178 2909 Omnino
1210 2839 1329 2910 Gracia

505 2935 914 3005 solutemsulutorissimcsm
926 2935 1013 3005 dicit.
1076 2991 1078 2996 .
1372 2931 1376 2938 ¹

271 3073 381 3153 Nuper
400 3063 562 3156 scripsistis
582 3069 621 3130 sd
640 3091 692 3130 me
716 3071 754 3132 de
776 3071 926 3148 Colonia,
956 3084 986 3135 et
1004 3074 1244 3155 reprehendistis
1264 3095 1327 3151 me,
1425 3079 1426 3082 ’

195 3175 279 3256 quod
302 3193 358 3252 ego
379 3190 443 3230 non
463 3169 629 3229 scriberem
651 3170 689 3231 ad
711 3188 782 3246 vos,
805 3191 845 3230 ex
867 3193 928 3256 quo
950 3172 1069 3242 dixistis
1085 3195 1165 3254 ,prae
1185 3174 1263 3249 aliis,
1285 3175 1329 3235 li·
1425 3199 1426 3264 ᾗ

195 3277 304 3335 beuter
322 3269 438 3351 legistis
459 3289 541 3329 meas
561 3270 682 3346 literas,
723 3271 806 3351 quod
826 3271 940 3346 babent
961 3274 1075 3332 bonum
1097 3275 1219 3348 stilum,
1250 3295 1328 3334 neo·

194 3393 259 3434 non
279 3371 452 3452 procedunt
471 3377 555 3428 recte
574 3370 743 3430 secundum
765 3380 861 3431 ortem
884 3371 1083 3452 epistolsndi,
1104 3394 1197 3453 quam
1217 3373 1326 3458 audivi
1425 3453 1426 3458 ἵ

195 3495 214 3533 s
229 3483 331 3535 vestra
352 3469 537 3551 praestantia
556 3465 590 3528 in
612 3470 759 3532 Coloniae
787 3491 843 3551 ego
864 3472 1030 3535 scriberem
1052 3472 1155 3546 vobis,
1181 3493 1246 3533 non
1268 3473 1327 3533 bo-

194 3569 397 3648 beosiemper
415 3570 682 3645 inventionemet
702 3571 878 3645 materiam,
915 3581 951 3630 ut
976 3554 1061 3631 nunc
1088 3570 1196 3632 babeo.
1259 3573 1327 3634 Vos

194 3669 311 3732 debetis
333 3679 458 3742 notare,
486 3669 569 3753 quod
589 3670 651 3750 jam
672 3669 725 3730 hic
746 3671 919 3744 celebretur
936 3670 1165 3750 quodlibetum,
1202 3681 1234 3732 et
1253 3673 1324 3732 Ms-

193 3768 290 3852 gistri'
307 3769 517 3850 Doctoresque
538 3770 708 3852 expediunt
727 3791 760 3829 se
777 3769 978 3832 artifioisliter
998 3789 1069 3832 crim
1082 3791 1192 3850 magna
1207 3769 1325 3830 doctri·

194 3891 236 3930 na
256 3869 290 3928 in
311 3867 568 3945 determinandis,
589 3870 759 3944 solvendis,
775 3869 984 3950 proponendis
1005 3869 1250 3950 quiestiooibum
1272 3889 1326 3928 ar⁶

193 3954 625 4050 gumentis,-problomatibus
645 3970 680 4030 in
701 3970 787 4029 omni
806 3969 917 4030 scibili.
978 3969 1018 4029 Et
1038 3989 1109 4029 cum
1130 3967 1191 4030 hoc
1210 3970 1324 4028 Poetae

131 4125 136 4138 ,
194 4078 226 4131 et
247 4069 394 4129 Oratores
412 4078 563 4147 ¹apparent
583 4069 675 4131 valde
697 4069 854 4130 artificiosi
873 4075 918 4128 ‘ac
935 4067 1108 4142 scientiori,
1143 4068 1227 4129 inter
1246 4085 1324 4149 quos

193 4177 341 4250 estunns
360 4167 504 4228 notabilis
526 4177 557 4227 et
576 4167 758 4248 magistralis
778 4169 813 4228 in
833 4168 889 4229 illa
908 4178 974 4230 orte
1002 4168 1238 4250 praecaeteris,
1267 4165 1324 4246 qui

194 4266 270 4328 facit
292 4264 351 4324 sibi
372 4283 516 4346 magnum
536 4259 682 4343 titulum‘,
718 4268 840 4348 quando
861 4269 983 4329 intimat
1002 4269 1256 4336 lectionossuas,
1289 4275 1323 4324 et
