2872 4722
292 373 295 379 ,
388 273 660 365 οΒεου“ιί.
700 285 926 378 virson.
1059 322 1108 399 ,χ
1152 311 1210 378 121

93 457 167 536 ejus.
208 458 251 517 Et
270 455 315 516 sic
336 457 483 519 misereor
502 457 586 520 illius
604 459 741 538 juvenis,
773 461 940 524 secundum
963 453 1212 550 quod'seriptum

93 567 138 616 est
156 557 308 633 Proverb.
335 577 380 638 ¹9·
434 557 649 650 N„Foeneratur
664 559 817 634 Domino,
838 557 892 640 qui
915 562 1077 626 miseretur
1097 589 1214 648 paupe-

93 656 183 730 ris,“
203 655 278 735 quia
297 654 325 714 si
346 654 504 716 mansisset
522 677 618 736 usque
640 658 678 717 ad
700 657 759 717 hoc
785 668 905 740 tempus
929 663 1011 741 opud
1031 665 1122 724 illum
1144 668 1213 728 Ma·

93 755 241 834 gistrum,
259 753 413 832 tuncjam
435 764 512 814 esset
530 756 750 817 Bacoalaurius.
798 756 859 818 Sed
877 757 922 817 sic
940 755 1020 820 nihil
1041 773 1100 836 est,
1122 765 1213 824 etiam

94 853 120 912 si
139 853 243 912 studet
263 851 369 911 decem
391 873 486 912 annos
505 853 539 912 iu
557 854 689 914 Poetria.
748 855 813 934 Ego
831 857 914 930 scio,
941 859 1134 937 quodetiam
1157 863 1215 922 lra-

95 949 173 1010 beris
199 952 310 1010 multas
336 971 429 1012 vexas
455 951 495 1010 ab
519 950 586 1010 istis
605 953 707 1013 Poetis
732 955 939 1031 secularibus3
970 959 1109 1036 quumvis
1131 961 1214 1020 enim

95 1069 150 1125 vos
171 1049 243 1109 estis
265 1051 356 1108 etism
379 1051 488 1125 Poeta,
507 1059 610 1112 temen
630 1072 695 1112 non
715 1053 786 1113 estis
805 1053 873 1113 tulis
887 1054 1007 1129 Poeta„
1024 1052 1077 1116 sed
1098 1077 1153 1118 vos
1167 1069 1215 1119 te-

95 1147 178 1208 netis
196 1168 266 1208 cum
286 1147 437 1209 Ecclesia:
479 1158 599 1210 etcum
621 1150 769 1212 horestis
790 1152 868 1212 bene
890 1152 1035 1216 fundetur
1057 1155 1091 1215 in
1111 1157 1216 1218 Theo·
1305 1217 1311 1231 ,

95 1247 198 1327 logie,
228 1257 259 1307 et
279 1247 401 1326 qnando
421 1247 568 1326 copulatis
588 1250 742 1325 carmina,
769 1259 844 1310 tuuc
864 1271 928 1311 non
947 1262 1018 1312 suut
1037 1253 1075 1313 de
1094 1256 1215 1315 vanita—
1241 1323 1245 1340 f

95 1347 196 1420 tibus,
215 1345 269 1406 sed
289 1345 328 1404 de
348 1345 491 1406 laudibus
509 1347 694 1408 sanctorum.
755 1331 971 1411 Libentissime
990 1353 1103 1412 vellem
1125 1336 1215 1429 scire,

95 1443 253 1525 quomodo
270 1433 363 1504 steret
383 1444 539 1524 negotium
559 1445 650 1505 illum
670 1465 741 1507 cum
761 1448 895 1507 Doctore
915 1446 1086 1511 Reuehlin:
1106 1452 1132 1510 si
1144 1471 1216 1532 pos-

95 1562 167 1603 sum
186 1542 222 1602 in
248 1543 306 1603 hoc
329 1542 414 1602 utilis
440 1563 505 1602 esse
531 1543 634 1617 vobis,
667 1553 741 1606 tuno
758 1543 925 1626 significate
939 1545 1036 1624 milri,
1073 1557 1104 1610 et
1122 1549 1215 1610 simul

95 1641 236 1704 scribatis
246 1639 329 1712 mihi
342 1641 465 1717 omnia,
485 1652 516 1701 et
534 1641 644 1702 valete.
698 1674 700 1680 ι

267 1806 422 1868 Antonius
440 1803 672 1866 Rubenstadius
698 1809 746 1867 M.
771 1808 904 1868 Ortuino
930 1809 1053 1872 Gratio.
1110 1799 1113 1803 ’

184 1941 317 2002 Salutem
332 1961 371 2000 ex
388 1939 518 2016 cordiali
538 1940 650 2002 effectu
668 1942 870 2034 amicabiliter
888 1954 980 2025 optat.
1025 1945 1217 2009 Venerabilis

77 2021 238 2100 ¹Domine
259 2040 420 2119 Magister!
461 2039 571 2113 sciatis,
590 2041 673 2120 quod
698 2063 756 2122 pro
776 2047 860 2102 nuno
879 2051 944 2104 nori
969 2044 1067 2106 habeo
1096 2057 1217 2128 tempus

98 2139 139 2198 ad
158 2138 353 2199 scribendum
381 2139 420 2199 de
435 2137 516 2198 aliis
536 2139 628 2199 rebus
649 2159 712 2200 non
733 2139 822 2200 valde
841 2143 1032 2219 necessariis,
1075 2145 1128 2205 sed
1148 2140 1218 2206 tnn-

99 2248 167 2298 tum
186 2237 394 2318 respondeatis
415 2236 494 2297 mihi
519 2236 559 2296 ad
586 2257 680 2297 unam
707 2233 932 2317 quaestionem,
968 2261 1059 2320 quarn
1080 2243 1124 2302 sic
1143 2264 1218 2324 pro-

98 2355 197 2418 pono:
239 2337 352 2398 Utrum
367 2339 484 2396 Doctor
503 2335 538 2396 in
556 2337 630 2396 Jure
646 2345 786 2396 teneatur
805 2337 908 2398 iacere
926 2343 1130 2402 reverentiam
1148 2344 1238 2401 Ma-t

98 2436 196 2517 gistro
217 2443 341 2509 nostro,
372 2435 427 2515 qui
447 2454 510 2495 non
530 2433 650 2494 incedit
668 2432 703 2492 in
724 2434 839 2495 habitu.
901 2436 956 2498 Est
974 2448 1077 2499 autern
1097 2439 1219 2500 habitus

98 2535 325 2615 Magistrorum
344 2545 517 2609 nostorum,
537 2533 617 2593 sicut
629 2533 736 2608 scitis,
756 2533 919 2614 caputium
934 2557 1079 2618 magnum
1095 2558 1164 2600 cum
1177 2537 1220 2597 li-

98 2633 232 2715 ripipio.
290 2632 343 2692 Eat
363 2631 414 2692 hic
431 2653 513 2694 unus
532 2629 666 2708 Ductor,
700 2633 755 2712 qui
785 2642 830 2694 est
854 2645 1014 2715 promotus
1035 2639 1071 2697 in
1088 2631 1220 2716 utroque

99 2731 187 2814 jure,
222 2743 254 2791 et
271 2730 363 2792 babet
381 2729 575 2792 inimicitiam
601 2749 672 2792 cum
692 2730 839 2822 Magistro
865 2744 970 2796 uestro
989 2736 1081 2796 Petro
1100 2736 1220 2814 Meyer,

98 2832 244 2912 plebano.
304 2833 345 2892 Et
363 2851 464 2912 nuper
483 2829 621 2892 obviavit
638 2829 699 2892 sibi
723 2829 758 2890 in
777 2831 896 2910 platea,
934 2834 1057 2913 quando
1075 2833 1222 2914 Magister

101 2939 208 2990 noster
225 2929 420 2990 Petrusuou
437 2929 497 2992 irit
515 2929 550 2990 in
569 2929 692 3010 babitu;
719 2940 794 2992 tunc
814 2931 869 2991 ille
887 2933 1000 2992 Juristu
1019 2953 1082 2993 nen
1102 2933 1178 2994 fecit
1191 2930 1222 2990 ei

100 3022 326 3105 reverentiam
363 3040 395 3087 et
413 3028 592 3109 posterfuit
611 3028 742 3105 dictum,
777 3031 861 3110 quod
891 3051 956 3092 non
984 3033 1063 3092 bene
1090 3031 1221 3105 fecisset,

102 3130 186 3208 quia,
209 3125 329 3188 etiamsi
349 3136 426 3186 esset
446 3127 590 3188 inimicus
610 3127 694 3209 ejus,
714 3137 817 3190 tamen
844 3128 968 3192 deberet
994 3131 1024 3191 ei
1050 3132 1152 3193 fucere
1170 3149 1223 3191 re-

102 3224 291 3298 verentiam,
317 3236 446 3308 propter
464 3225 615 3286 honorem
634 3247 736 3289 sacrae
758 3228 966 3308 Theologiee,
1005 3229 1079 3309 quia
1099 3228 1224 3288 deberet

105 3345 170 3385 esse
195 3325 343 3386 inimicus
364 3343 532 3408 personae,
561 3337 592 3386 et
609 3346 673 3388 non
701 3327 844 3389 scientiae
851 3368 866 3416 ,ι
902 3327 975 3406 quia
994 3325 1134 3404 Magistri
1152 3332 1224 3384 suut

105 3422 139 3483 in
159 3425 230 3483 loco
251 3424 487 3504 Apostolorum,
515 3425 554 3484 de
573 3424 684 3505 quibus
702 3427 850 3507 seriptum
865 3433 923 3486 eet:
966 3427 1068 3502 Quam
1095 3420 1223 3504 speciosi

105 3522 199 3602 pedae
227 3521 513 3602 Evangelizantium
542 3525 640 3596 bona,
682 3524 924 3606 praedicantium
961 3542 1076 3603 pacem.
1137 3523 1224 3598 Qua-

107 3630 235 3702 propter
254 3620 281 3679 si
301 3623 431 3701 speciosi
448 3634 521 3685 sunt
539 3618 633 3706 pedes
654 3608 778 3700 eorum,
811 3631 925 3702 quanto
951 3621 1047 3702 magis
1074 3619 1172 3706 cupita
1193 3627 1225 3678 et

107 3733 216 3780 monus
243 3719 356 3780 debent
381 3741 445 3782 esse
470 3723 628 3804 speciosa?
669 3725 710 3785 Et
729 3724 866 3797 ridetur,
895 3721 978 3801 quod
1000 3719 1097 3780 omnis
1120 3717 1223 3790 homo,

109 3818 199 3878 etiam
223 3816 395 3899 Principes,
427 3821 540 3884 debent
557 3822 708 3883 honorem
727 3832 758 3884 et
775 3821 977 3883 reterentiam
997 3820 1099 3880 fecere
1118 3814 1225 3876 Theo-

108 3914 186 3996 logie
205 3925 239 3978 et
257 3919 412 4001 Magistris
431 3921 553 3982 nostris.
591 3923 684 3984 'suno
702 3921 757 3982 ille
775 3921 888 3982 Juriste
907 3917 1075 4002 respondit,
1095 3923 1226 3994 etprae-
1318 3945 1327 3952 -

96 4011 173 4074 'eise
197 4015 233 4078 iu
260 4019 449 4082 conuarium
474 4021 618 4102 allegavit
644 4039 713 4082 suas
743 4021 826 4100 leges
851 4031 881 4081 et
909 4019 1025 4080 multoe
1050 4012 1226 4093 scripturas,

113 4114 184 4192 ‘luia
201 4116 349 4197 wiptnm
370 4130 431 4179 est:
451 4107 594 4200 „dudem
614 4129 646 4180 te
665 4120 810 4193 invenio,
830 4120 922 4180 talem
941 4129 973 4181 te
992 4113 1143 4197 judieoz“
1172 4107 1228 4168 sed
1301 4134 1305 4143 =

113 4227 203 4274 nemo
223 4225 347 4277 tenetur
365 4217 469 4278 facero
486 4218 518 4278 ei
536 4219 757 4294 reverentiam,
780 4218 835 4299 qui
861 4214 1076 4296 nonincedit,
1096 4207 1228 4292 qualiter
