2872 4722
384 331 1000 402 ouscunsvruonw
1159 341 1250 426 177]

83 488 219 575 cognovi
239 487 382 573 sigillum
400 497 547 565 vectium,
568 499 600 554 et
619 491 697 573 legi3
718 501 750 554 et
767 491 920 574 intelligo,
943 493 1027 574 quod
1041 497 1222 559 Dominatio

83 603 184 655 vestra
198 590 291 671 cupit
309 589 410 664 sciro,
449 590 605 670 quomodo
625 591 729 652 tamen
758 591 900 652 homiues
919 592 1092 674 loquuntur
1111 595 1164 657 lric
1184 597 1223 657 de

83 713 172 754 causa
191 688 305 763 Fidei,
328 689 413 749 inter
430 707 486 749 vos
507 687 681 770 'theologos
704 699 735 750 et
752 693 902 752 Ioannem
922 691 1089 758 Reucblin.
1139 697 1222 776 Volo

82 791 168 853 vobis
189 789 350 862 scribare,
371 786 510 846 sednon
530 787 648 848 debetis
669 788 748 849 mihi
769 789 843 850 dare
862 809 920 870 pro
941 791 1042 865 malo,
1064 793 1223 874 quianon

84 897 153 951 sunt
171 907 234 970 pro
257 894 351 969 parte
369 893 480 948 vestra.
521 887 639 949 Omnes
668 888 795 963 dicunt,
824 888 908 969 qnod
927 887 1081 972 Theologi
1102 892 1225 957 iaciunt

82 991 189 1049 Joann.
206 983 385 1070 Reuoblin,
407 985 486 1046 sicut
506 985 632 1048 scribae
652 996 684 1048 et
700 987 859 1048 Pharisaei
879 987 1022 1068 iecerunt
1042 988 1179 1067 Christo,
1193 1004 1225 1052 et

82 1085 163 1166 qnod
183 1084 255 1166 ipse
277 1103 402 1165 semper
422 1083 485 1146 fuit
505 1087 620 1166 probus
643 1086 711 1160 vir,
735 1095 767 1146 et
785 1085 848 1146 fuit
867 1085 902 1146 in
926 1087 1067 1148 Consilio
1088 1088 1223 1151 duorum

82 1185 322 1265 Imperatorum.
363 1183 405 1243 Et
424 1203 480 1244 sua
498 1185 641 1246 Iuristria
653 1184 775 1264 juvavit
791 1185 905 1245 multas
921 1185 1068 1247 Civitates
1083 1198 1116 1249 st
1129 1189 1223 1250 Prin·

83 1286 182 1363 cipcs;
211 1291 244 1342 et
267 1281 586 1376 omnesrinvencrunt
613 1304 684 1343 eum
705 1285 840 1365 probum
862 1294 892 1345 et
911 1283 1044 1346 fidelem.
1085 1288 1126 1348 Et
1140 1289 1225 1370 qnod

82 1379 238 1461 Theologi
264 1379 409 1442 invident
435 1380 553 1460 gloriae
578 1381 692 1462 ipsius,
729 1392 760 1443 et
779 1383 951 1444 voluerunt
972 1384 1129 1447 declarare
1149 1407 1222 1448 enm

80 1479 295 1552 haereticum,
315 1499 373 1560 per
393 1478 485 1539 devia
506 1490 538 1540 et
558 1478 723 1540 nullitatea.
765 1482 899 1560 Quando
920 1484 994 1543 talia
1014 1484 1108 1544 audio
1115 1527 1125 1558 ,
1146 1495 1223 1547 tunc

79 1589 171 1640 teneo
197 1575 384 1659 oppositum.
431 1577 493 1637 Sed
516 1578 599 1638 scitis
620 1579 714 1652 bene,
750 1578 833 1659 qnod
860 1581 950 1640 multi
972 1601 1062 1642 canes
1081 1586 1223 1663 superla-

79 1689 165 1740 nant
184 1697 299 1739 uuum.
363 1676 523 1737 Dixeruut
543 1697 645 1758 nuper
665 1677 727 1736 dno
748 1678 891 1758 Magistri
910 1680 1071 1742 venientes
1093 1703 1134 1744 ex
1154 1684 1222 1744 Co-

78 1777 195 1851 lonia,
217 1787 249 1835 et
269 1795 345 1836 nnus
364 1795 406 1836 ex
426 1775 472 1834 oia
493 1783 539 1836 est
560 1776 755 1836 nobilitatus:
795 1777 882 1859 quod
902 1797 1026 1854 omnes,
1048 1782 1103 1862 qni
1126 1794 1223 1864 agunt

79 1885 195 1936 contra
208 1873 381 1941 chclrlin,
400 1881 473 1933 aunt
493 1875 698 1936 communiter
715 1875 834 1956 spurii,
856 1877 909 1939 vel
929 1877 1077 1953 infames,
1098 1882 1221 1942 velbu·

79 1973 191 2036 iones:
234 1972 317 2053 qnod
336 1970 400 2032 fuit
420 1970 500 2030 milri
519 1991 629 2053 magna
649 1975 846 2035 verecundia.
888 1977 950 2038 Sed
976 1978 1115 2059 ipsorum
1138 2001 1220 2042 unus

79 2073 229 2134 audacter
248 2069 348 2144 dixit,
381 2069 464 2150 quod
486 2089 591 2132 omnes
613 2074 844 2135 circumstantes
865 2075 1046 2137 audierunt:
1079 2079 1238 2154 Domini„

81 2181 117 2232 nt
138 2169 339 2250 intelligatis,
376 2168 476 2248 qualis
505 2169 545 2230 sit
573 2171 632 2232 ista
663 2189 752 2234 causa
782 2183 890 2233 contra
918 2175 1027 2234 Joann.
1046 2177 1221 2254 Rcuclslin3

84 2269 137 2329 illa
156 2289 251 2330 causa
270 2266 381 2328 habuit
399 2267 589 2349 principium
612 2291 632 2329 a
650 2273 768 2331 Joanne
788 2269 1011 2345 Pfefferkorn,
1033 2274 1088 2352 qui
1111 2285 1156 2334 est
1177 2275 1222 2334 si·

83 2369 166 2429 milis
186 2387 225 2429 ro
247 2378 278 2424 et
299 2365 440 2440 nomine,
463 2380 494 2427 et
514 2369 657 2428 omnibus
679 2367 777 2430 modis
797 2369 872 2429 huic
889 2371 1219 2446 IoanniPlefferkorn‚
1255 2391 1260 2402 ·

80 2467 138 2548 qui
160 2466 228 2527 init
249 2461 303 2524 bic
323 2483 392 2526 cunr
410 2465 583 2546 forcipibus
603 2465 710 2525 calidis
731 2467 893 2527 laceratus.
955 2467 1153 2547 Quinetiam
1176 2483 1222 2530 est

79 2565 224 2627 Iudaeus
240 2563 424 2643 'baptisatus,
447 2573 478 2624 et
500 2564 592 2624 etiarn
613 2573 742 2644 propter
761 2565 914 2646 nequitias
963 2587 1039 2647 quas
1060 2567 1145 2643 iecit,
1166 2571 1222 2630 de-
1246 2573 1254 2592 ‘

80 2663 218 2745 reliquit
236 2660 328 2722 iidem
347 2683 442 2723 suam.
482 2661 572 2723 Etsi
593 2662 901 2724 deberethicsedcr
940 2665 976 2726 in
995 2667 1087 2741 turri,
1111 2679 1141 2729 et
1156 2669 1221 2749 spi-

83 2764 206 2826 culator
220 2760 348 2822 deberet
366 2781 438 2823 eum
458 2760 667 2842 interrogare,
702 2762 777 2841 quid
796 2763 889 2838 iecit,
925 2765 991 2844 ipse
1011 2766 1136 2827 deberet
1156 2787 1220 2827 non

83 2861 189 2922 minus
208 2859 369 2934 confiteri,
390 2880 484 2941 qnam
504 2861 558 2920 ille
579 2861 667 2920 alius.
707 2862 777 2942 lpse
798 2858 957 2944 instigavit
965 2864 1143 2947 Theologos
1158 2867 1221 2928 00-

83 2959 188 3020 loniae
198 3003 211 3034 ,
245 2969 276 3020 ct
291 2959 353 3040 ipsi
374 2960 467 3019 etiam
487 2959 711 3040 instigaverunt
739 2980 827 3037 eum,
869 2971 900 3022 et
926 2964 1097 3024 voluerunt
1125 2966 1220 3026 libros

83 3059 272 3121 Indaeorum
294 3079 351 3139 per
372 3067 467 3118 totam
489 3057 664 3118 Almanians
686 3062 876 3121 comburere.
917 3063 974 3123 'lit
996 3063 1056 3122 hoc
1077 3063 1221 3127 fecerunt

83 3167 267 3239 propterea,
296 3155 379 3236 quod
400 3157 508 3217 Iudaei
530 3158 677 3218 deberent
694 3162 804 3219 venire
823 3158 862 3219 ad
882 3159 1059 3240 Theologos
1079 3171 1110 3219 et
1128 3181 1218 3241 prae·

85 3258 185 3350 iatnpr
205 3255 423 3326 Piefferkorn,
446 3276 516 3316 cum
538 3275 647 3334 magna
666 3257 807 3337 pecunia,
830 3259 949 3336 occulte
969 3258 1121 3318 dicentes:
1142 3261 1221 3320 Per-

84 3355 213 3416 mittetis
237 3354 317 3416 mihi
337 3355 433 3415 libros
454 3375 554 3414 meos:
572 3375 656 3414 >ecce
675 3356 727 3416 hic
746 3355 864 3416 habetis
881 3355 1082 3436 quadraginta
1100 3375 1219 3414 aureos.

84 3455 124 3517 Et
142 3454 242 3534 aliqui
261 3453 372 3516 iudaei
391 3453 546 3514 dedissent
557 3453 691 3514 libenter
711 3465 850 3527 centum,
872 3453 970 3532 aliqui
992 3452 1088 3512 milla.
1129 3453 1220 3512 Tunc

69 3555 173 3616 veuit
191 3553 367 3627 Reuchlin,
389 3561 420 3613 et
437 3552 602 3633 impedivit
622 3552 702 3612 illud
720 3553 927 3633 propositum
948 3551 1022 3610 irati
1036 3559 1108 3610 sunt
1127 3569 1219 3630 super

86 3673 176 3728 eum,
191 3661 224 3713 et
243 3653 383 3713 scribunt
403 3651 515 3725 libres,
537 3661 568 3712 et
587 3651 793 3711 scandalizare
808 3650 918 3710 volunt
939 3669 1027 3723 cum,
1049 3657 1080 3708 et
1101 3647 1220 3724 dicunt,

87 3751 170 3830 quod
186 3760 232 3810 est
247 3749 431 3816 hacreticus.
494 3751 597 3810 Etiam
617 3751 757 3812 scribunt
779 3749 900 3828 aliquos
920 3748 1016 3816 libros
1039 3749 1073 3808 in
1092 3747 1219 3818 Latino,

86 3860 118 3910 et
138 3846 303 3910 intitulant
323 3868 375 3908 eos
396 3847 524 3909 nominc
544 3850 670 3910 Ioannis
687 3849 915 3924 Heliodoro„
937 3867 1007 3906 curn
1027 3857 1131 3908 tamen
1153 3846 1219 3926 ipse

85 3968 151 4008 non
169 3947 229 4032 scit
251 3941 459 4028 Alphabets'rm
480 3947 515 4008 in
534 3948 659 4008 Latino.
702 3946 763 4007 Sed
781 3945 876 4027 igitur
897 3945 1036 4018 iaciunt,
1066 3943 1139 4024 quia
1159 3943 1221 4002 sci-

83 4061 160 4121 unt,
203 4040 409 4128 qdod‘nemo
438 4045 637 4126 respondebit
657 4043 705 4117 ei,
747 4046 820 4125 quia
840 4065 934 4104 nemo
955 4063 1025 4103 curn
1043 4043 1101 4102 isto
1123 4043 1220 4102 male-
1258 4099 1260 4108 ,

84 4147 204 4208 iactare
224 4145 296 4208 vult
316 4165 349 4205 se
369 4145 591 4227 pormaculare.
651 4145 735 4224 Ergo
752 4143 917 4217 videbitis,
949 4142 1050 4222 quod,
1071 4139 1098 4201 si
1120 4149 1233 4222 essent,

84 4243 342 4326 viringreologi,
377 4253 431 4306 aut
452 4242 544 4324 probi
563 4239 645 4317 viri,
678 4241 804 4322 ipsimet
823 4243 961 4306 iacerent
981 4241 1062 4320 iacta
1080 4259 1155 4316 sna,
1190 4239 1222 4303 er
