2872 4722
206 283 248 352 88
525 249 967 344 'arrsronae

207 438 326 514 nacho,
360 452 391 502 et
409 452 514 522 postea
532 437 565 522 id
585 457 650 498 non
670 437 802 520 emplius
821 437 1011 520 praedicavit
1032 438 1071 500 de
1092 457 1150 501 me.
1191 440 1253 502 Sed
1270 462 1337 502 non
1411 423 1412 430 ἵ

207 539 324 602 debetis
343 539 412 600 aliis
433 537 550 612 dicere,
594 546 758 618 propterea
778 537 862 618 quod
882 537 993 598 fratres
1013 538 1238 618 praedicatores
1251 562 1337 602 nunc
1411 529 1412 532 ¹

206 654 280 702 sunt
300 659 358 722 pro
380 638 468 702 robis
497 647 605 697 eontra
626 639 791 696 Doctorem
821 635 998 710 Reuchliu,
1034 646 1068 696 ct¹
1084 623 1263 700 defendunt
1277 641 1337 701 Eo-

168 749 175 764 ’
207 741 332 802 ele'eiam
361 745 392 800 et
417 735 526 796 Fidem
554 733 745 797 catholicam
782 745 888 804 eontra
923 735 994 796 illos
1031 736 1141 796 Poetae
1173 739 1338 798 seculares.

207 843 273 922 Ego
289 839 404 901 vellem
426 834 509 916 qno'd
529 833 585 895 iste
608 833 776 893 monachus
788 821 955 912 fuissetpdc
977 835 1039 894 alio
1056 835 1175 908 ordine,
1196 839 1271 915 qnia
1283 838 1338 898 ille
1411 825 1412 856 ³

208 940 284 1002 ordo
306 949 349 998 est
373 935 464 997 valde
487 931 635 993 mirificus
656 933 739 992 iuter
760 953 874 993 omnes.
922 934 987 994 Vos
1008 933 1101 994 etiam
1121 935 1236 995 debetis
1257 935 1336 996 mibi

207 1038 324 1120 aliquid
342 1033 466 1117 resibile
486 1027 656 1112 significare
677 1043 707 1124 ct
725 1052 790 1092 non
810 1030 980 1094 irascimini
999 1031 1087 1096 milri.
1127 1035 1245 1098 Valete.
1288 1036 1337 1095 Ex

207 1135 412 1216 Wittenberg.

328 1368 331 1374 ,
416 1301 549 1360 Ioannes
572 1296 824 1376 Stranrsederins
849 1296 983 1357 Ortuino
1007 1299 1128 1362 Gratis.
1232 1289 1237 1298 l

291 1436 431 1504 Salutem
450 1433 616 1494 matriniam
638 1445 668 1492 et
688 1434 798 1493 multas
820 1433 915 1492 bones
934 1444 1052 1508 noctes,
1071 1435 1149 1504 sicut
1168 1447 1241 1496 aunt
1253 1436 1337 1496 ¹stel-
1411 1465 1412 1492 r

208 1540 258 1599 lae
277 1536 312 1596 in
333 1535 420 1596 coelo
443 1543 472 1593 et
492 1532 588 1613 pisces
607 1535 642 1592 iu
664 1532 759 1607 mari,
781 1542 812 1592 et
832 1532 940 1602 debitis
959 1534 1052 1608 scire,
1085 1536 1168 1616 quod
1190 1555 1248 1616 ego
1268 1556 1336 1594 suna

208 1656 320 1710 sanus,
356 1642 386 1694 et
415 1632 507 1694 etiam
533 1641 631 1692 mater
651 1651 736 1705 mea,
778 1641 809 1690 et
831 1632 946 1692 vellent
968 1631 1099 1694 libenter
1121 1635 1213 1695 etiam
1233 1635 1338 1694 taliter

209 1735 318 1798 andire
341 1733 497 1805 devehis,
532 1731 605 1811 qnia
633 1751 688 1812 ego
717 1729 815 1810 cogito
842 1730 978 1810 qnotidie
1003 1730 1042 1790 ad
1063 1732 1165 1792 minus
1183 1735 1282 1794 semel
1300 1733 1338 1792 de

114 1823 117 1836 ¹
209 1847 312 1898 vestra
331 1830 549 1893 dominatione.
591 1829 652 1889 Sed
672 1850 742 1889 cam
762 1829 902 1903 licentia,
938 1829 1041 1889 audite
1069 1852 1167 1892 unum
1192 1853 1338 1913 magnum

210 1932 411 2006 miraculum,
442 1929 526 2011 quod
544 1929 620 1990 fecit
640 1929 691 1988 hic
711 1949 792 1988 ursus
811 1928 980 2005 nobilieta,'
1006 1911 1144 1992 diabolos
1166 1932 1338 1992 confundat

133 2095 134 2100 χ
211 2053 284 2094 enm
304 2031 340 2090 in
359 2039 529 2096 aeternnm,
555 2029 628 2108 quia
649 2027 864 2088 scandalizavit
884 2027 1055 2088 Dominum
1076 2029 1259 2110 Magistrum
1282 2051 1340 2090 no-

210 2144 319 2194 strum.
356 2133 492 2190 'Petrum
507 2131 616 2208 Meyer
631 2127 665 2187 in
687 2147 807 2201 mensa,
827 2127 882 2186 ubi
899 2127 1029 2188 fuerunt
1049 2129 1140 2189 multi
1159 2129 1292 2190 Domini
1309 2140 1340 2188 et

212 2230 389 2302 nobilistae,
430 2236 461 2286 et
480 2245 544 2286 uon
566 2225 673 2287 habuit
694 2246 788 2285 unam
809 2238 925 2306 guttam
945 2227 1167 2302 verecundiae,
1203 2229 1257 2288 sed
1279 2230 1341 2288 fuit

211 2331 256 2391 ita
274 2337 466 2410 praetensus,
508 2327 591 2405 qnod
623 2347 684 2406 ego,
706 2324 813 2385 miror.
873 2326 943 2406 Ipse
973 2326 1066 2386 dixit:
1108 2327 1189 2386 Ecce
1208 2315 1341 2388 Ioannes

212 2428 369 2490 Reuchliu
391 2434 436 2484 est
456 2423 574 2484 doctior
594 2445 686 2505 qnam
708 2436 832 2498 vos,.et
845 2425 930 2484 dedit
951 2425 980 2484 ei
1000 2445 1097 2486 nuum
1120 2425 1208 2506 knip.
1249 2429 1342 2486 Tunc

155 2571 156 2577 κ
212 2526 362 2608 Magister
376 2524 594 2584 nosterPetrus
608 2522 700 2584 dixit:
713 2525 778 2604 Ego
794 2524 946 2584 mitterem
962 2525 1084 2586 solvere
1095 2525 1208 2584 eollnm
1225 2545 1342 2599 meum,

214 2649 254 2689 an
262 2626 321 2687 boc
331 2634 375 2684 est
385 2643 506 2684 verum.
526 2623 752 2696 SanctaMaria,
768 2623 885 2684 Doctor
897 2623 1053 2683 Reuchliu
1068 2635 1111 2682 est
1124 2623 1158 2682 in
1170 2623 1345 2706 Theologia

215 2727 294 2788 sieut
317 2743 399 2784 unus
426 2741 526 2801 puer,
570 2731 601 2793 et
626 2743 706 2782 unns
735 2741 815 2800 puer
842 2723 912 2802 plus
932 2723 988 2782 ecit
1008 2721 1042 2781 in
1058 2721 1227 2803 Theologia
1246 2745 1343 2803 quam

215 2828 334 2885 Ductor
347 2818 513 2882 Reuchliu.
555 2820 666 2879 Sancta
680 2819 798 2893 Maria,
821 2821 950 2881 credatis
973 2821 1067 2896 mibi,
1104 2823 1187 2902 quod
1207 2841 1264 2902 ego
1285 2824 1344 2887 ha-
1411 2843 1412 2900 ;

188 2925 274 2985 ,beo
296 2918 529 3001 experientiam.
593 2921 712 2978 Tamen
734 2919 800 2999 ipse
818 2920 899 2980 nihil
920 2921 976 2980 scit
1003 2921 1037 2982 iu
1066 2921 1155 2981 libris
1176 2924 1345 2984 sententia·
1411 2935 1412 2994 j

215 3041 297 3084 rum.
339 3021 450 3077 Sancta
469 3017 588 3091 Maria,
612 3017 670 3078 ista
689 3018 818 3096 materia
838 3029 882 3079 cst
902 3021 1038 3096 subtilis,
1067 3033 1098 3080 et
1118 3020 1259 3082 homines
1277 3042 1343 3082 nou

216 3127 344 3203 possunt
364 3117 408 3176 ita
428 3136 555 3197 capere,
577 3117 655 3177 aient
675 3118 910 3178 Grammaticaar
927 3130 957 3180 et
967 3121 1130 3180 Poetriam.
1190 3122 1255 3202 Ego
1276 3124 1345 3182 vel·
1411 3129 1412 3156 ¹

217 3215 395 3306 lemletiam
415 3214 494 3275 bene
513 3217 609 3276 Poeta
629 3238 709 3291 esse,
738 3228 769 3277 et
783 3218 894 3278 scirem
915 3219 1007 3280 etiam
1028 3239 1214 3300 componere
1235 3231 1343 3295 metra,
1411 3225 1412 3290 l

219 3317 292 3398 quia
313 3313 420 3375 audivi
446 3313 481 3374 iu
500 3315 653 3396 Lyptaick
683 3318 873 3394 Sulpicium,
906 3318 945 3377 de
969 3317 1189 3398 ,quantitatibus
1212 3320 1345 3398 syllaba-

125 3414 127 3422 '
218 3437 299 3478 rum.
340 3414 401 3474 Sed
420 3413 576 3494 quidest?
616 3417 686 3496 Ipse
707 3416 832 3478 deberet
852 3417 931 3478 mihi
951 3437 1125 3498 proponere
1139 3438 1233 3478 uuam
1248 3440 1345 3499 quae-
1411 3417 1412 3430 ¹

219 3516 349 3578 ctionem
370 3513 404 3572 iu
425 3513 611 3596 Theologia,
648 3525 679 3575 et
699 3516 822 3576 deberet
842 3536 973 3596 arguere.
998 3536 1056 3597 pro
1078 3526 1108 3576 et
1128 3526 1242 3577 contra
1305 3520 1345 3580 Et
1411 3505 1412 3514 ἵ

219 3619 286 3696 ipse
312 3612 457 3695 probavit
485 3634 541 3692 per
570 3615 680 3674 multas
706 3617 854 3688 rationes,
896 3614 979 3694 quod
1006 3635 1099 3676 nemo
1124 3615 1181 3675 scit
1205 3617 1347 3698 perfecte
1411 3637 1412 3642 ’

220 3712 441 3793 Theologiam,
476 3711 537 3771 nisi
562 3734 620 3794 per
646 3712 795 3794 Spiritum
822 3723 978 3788 sanctum,
995 3765 997 3782 ,
1013 3725 1043 3775 et
1071 3715 1203 3796 Spiritus
1224 3730 1346 3778 saumas

175 3827 183 3848 ·
221 3803 363 3874 infundit
380 3810 467 3870 illam
483 3811 593 3873 'amem
633 3814 674 3873 Et
694 3811 817 3874 Poetria
837 3825 882 3873 est
901 3814 986 3874 cibus
1002 3813 1138 3888 ¹diaboli,
1172 3813 1252 3876 sient
1271 3817 1348 3877 dicit
1411 3837 1412 3848 ³

222 3911 433 3990 Hieronymus
454 3910 488 3971 in
500 3932 557 3972 suo
572 3912 746 3992 Epistolari.
790 3915 880 3972 Tunc
893 3913 955 3982 ille
976 3913 1052 3973 bufo
1073 3913 1159 3988 dixit,
1183 3915 1267 3994 quod
1283 3937 1347 3976 uon
1411 3953 1412 3958 κ

222 4021 269 4072 est
291 4016 425 4098 verum&
462 4020 493 4069 et
513 4012 595 4092 quod
623 4014 741 4072 Doctor
767 4008 923 4074 R'euclrliu
950 4012 1041 4072 etiam
1070 4012 1163 4076 lrabet
1193 4014 1347 4094 Spiritum

224 4120 382 4182 sanctum,
418 4121 448 4168 et
458 4110 552 4190 ‘qnod
572 4123 616 4170 est
636 4110 788 4170 sufficiens
808 4112 842 4170 in
862 4111 1047 4189 Theologia,
1082 4112 1156 4192 quia
1175 4114 1348 4194 composuit

225 4230 322 4270 unum
343 4209 459 4269 librum
479 4209 549 4270 satis
569 4209 814 4294 Theologicalem
824 4254 844 4288 ,.
862 4221 891 4272 et
912 4211 1014 4272 nescio
1035 4213 1189 4292 quomodo
1210 4221 1350 4290 vocatur,.
