2866 4724
220 317 285 435 ata
584 319 986 390 urtsuouas
1058 321 1061 328 ’

219 485 311 547 Nihil
331 483 435 544 hercle
454 482 586 558 fraudis,
608 478 714 565 apiaria
734 484 846 545 omnia.
909 487 1031 547 Erosm.
1095 483 1159 564 Age
1180 497 1274 566 ergo',
1298 487 1349 546 dio

188 569 193 578 Ι
219 604 284 646 uno
299 583 410 656 uerbo,
433 585 508 664 quid
528 586 609 646 istuc
630 595 682 656 cst,
704 583 787 663 quod
810 605 859 644 me
881 585 982 646 velis?
1012 584 1142 644 Rercclal.
1164 586 1278 665 Arrige
1290 587 1348 645 ali-

220 683 398 766 quantisper
411 703 508 742 aurea.
528 685 649 742 Erosm.
668 683 764 754 Faxo,
777 683 860 761 quod
875 683 989 756 dixisti,
1005 685 1163 762 quidinde
1181 684 1347 744 futurum?

219 782 350 845 Reuehat
374 783 407 840 Si
419 803 553 862 unquam
562 781 676 852 riseris,
696 780 811 840 ridebis
823 781 922 840 statim
931 782 1072 844 maxime.
1093 785 1214 843 Erosm.
1237 785 1347 860 Quan-

219 883 283 944 do?
305 901 426 961 quaeso.
476 881 609 940 Reucbl.
652 879 715 940 Ubi
736 879 873 958 primum
894 881 1027 942 audieris
1047 882 1211 960 quosdam,
1241 881 1347 960 quise

218 982 380 1062 Magistros
400 990 518 1040 nostros
539 977 735 1060 appellitant,
755 998 883 1057 rugosae
906 978 1017 1040 frontis
1032 993 1201 1040 veteranos.
1222 983 1345 1039 Erosm.

219 1082 353 1144 Ubinam
373 1080 468 1138 santi
505 1078 635 1139 Reuclal.
668 1077 781 1136 Viden'
807 1099 882 1158 prae
904 1080 964 1138 tuis
985 1080 1081 1138 oculis
1103 1079 1175 1140 istos
1195 1080 1345 1140 stolidos?

217 1183 338 1244 Erasm.
360 1177 476 1250 Video,
498 1178 598 1238 video.
626 1165 757 1236 Reucbl.
791 1178 843 1236 Sta
865 1198 953 1257 crgo,
968 1190 997 1240 et
1011 1181 1148 1259 quiesce,
1175 1190 1209 1240 ut
1231 1179 1344 1252 audias,

218 1280 300 1363 quod
319 1278 416 1338 risum
436 1277 493 1336 tibi
514 1274 642 1336 moveat.
705 1275 826 1334 Erasm.
863 1277 973 1336 Taceo.
1002 1279 1093 1358 Mag.
1109 1278 1174 1338 Ort.
1207 1280 1272 1339 Per
1292 1280 1344 1338 bo-

217 1398 290 1442 nam
303 1376 413 1452 fidem,
446 1386 482 1436 ut
503 1396 557 1455 ego
578 1375 614 1433 ad
636 1395 739 1434 meum
762 1375 898 1454 primurn
920 1377 1022 1437 therua
1043 1391 1214 1452 revertam,
1246 1377 1344 1457 Magi-

216 1480 274 1540 stri
295 1477 407 1549 uostri,
428 1485 509 1535 totus
524 1474 657 1534 mirandus
670 1483 714 1534 est
730 1475 859 1533 multum
875 1477 981 1534 malus.
1050 1479 1232 1556 Mag.Lup.
1266 1478 1342 1538 Cer-

216 1589 267 1652 te,
287 1575 434 1655 Magister
449 1583 553 1633 noster
571 1574 718 1647 Ortuiue,
739 1575 889 1634 Doctores
898 1575 979 1639 torte
992 1587 1064 1636 suut
1078 1597 1176 1649 causa,
1195 1577 1273 1655 quia
1287 1575 1340 1656 ipsi

216 1697 280 1738 non
300 1677 433 1734 clamant
452 1673 522 1732 satis
543 1673 603 1731 alte
623 1681 728 1732 contra
747 1682 878 1753 peccata.
947 1679 1038 1754 Mag.
1066 1677 1160 1754 Ging.
1220 1676 1258 1734 Si
1282 1695 1339 1734 uon

217 1795 350 1836 essemus
362 1772 450 1845 boni,
472 1771 550 1830 sicut
572 1773 732 1845 debemus,
751 1768 1014 1851 permitteremus,
1036 1774 1119 1852 quod
1131 1775 1189 1833 istc
1205 1773 1340 1834 ribaldus

215 1877 360 1936 Erasmus
372 1872 415 1930 sic
435 1871 551 1932 rideret
571 1871 609 1929 de
627 1881 731 1929 nostra
753 1871 876 1932 Bibliai
952 1875 1043 1953 Mag.
1067 1873 1132 1933 Ort.
1179 1873 1340 1936 Permitte-

215 1993 329 2047 remus,
351 1970 433 2050 quod
453 1970 509 2029 istc
527 1969 671 2028 textualis
690 1971 789 2034 Faber
809 1971 852 2030 sic
871 1963 1042 2052 triplicaret
1054 1973 1091 2031 de
1108 1993 1169 2030 una
1183 1971 1339 2052 Magdala-

215 2072 280 2134 nat
341 2073 432 2149 Mag.
451 2071 533 2146 Lup.
567 2069 835 2144 Permitteremus,
856 2053 1019 2149 quod⁸iste
1033 2071 1339 2134 latinizatorReuoh-

214 2173 263 2232 lin
284 2169 426 2248 truffaret
445 2189 478 2229 se
498 2170 537 2229 de
558 2179 661 2228 nostra
679 2169 873 2250 Theologiai
921 2173 1043 2230 Erasm.
1087 2171 1142 2228 Dii
1162 2171 1249 2244 boni,
1266 2169 1338 2252 quid

214 2272 295 2332 istuc
316 2267 480 2352 est,‚quod
500 2268 615 2326 audio?
638 2267 768 2328 Reacchl.
789 2267 881 2347 Quod
894 2269 1015 2344 audisti,
1038 2268 1119 2328 nihil
1140 2280 1192 2329 est.
1218 2263 1336 2330 Erectis.

214 2370 306 2432 Nihil
325 2367 392 2427 est?
432 2366 566 2426 Reacul:
604 2365 674 2426 Non
702 2367 821 2427 medius
848 2367 940 2428 fidius
960 2366 1124 2450 (Jupiter),
1161 2370 1189 2428 si
1211 2368 1336 2427 celerius

214 2470 309 2552 paulo
326 2467 517 2540 surrexisses,
540 2467 707 2546 crepuisses
727 2468 803 2534 risu,
827 2478 860 2528 ut
880 2487 935 2548 ego
951 2469 1098 2548 suspicor.
1118 2472 1243 2553 Erosm.
1266 2463 1336 2528 Ore·

213 2568 358 2650 puisaem·
371 2565 461 2626 risui
483 2566 614 2624 Reucbl.
637 2568 684 2626 Ita
699 2587 749 2626 me
764 2565 816 2626 Dii
837 2577 950 2626 ament.
969 2569 1091 2626 Emona.
1111 2567 1335 2648 Cur(inquam)

213 2667 302 2730 risu?
323 2665 453 2726 Reuchl.
474 2665 538 2724 Vix
559 2665 642 2726 enim
670 2666 727 2726 tibi
753 2676 965 2746 temperasses,
997 2668 1028 2725 si·
1047 2667 1176 2726 istorum
1198 2669 1365 2754 palliote-⁸

213 2787 273 2826 uus
290 2765 549 2844 Philosophorum
570 2783 664 2842 nugas
684 2776 715 2823 et
732 2763 933 2825 deliramenta
953 2785 971 2825 a
989 2767 1145 2848 principio
1166 2766 1334 2842 intellexis-

134 2875 144 2894 “
213 2885 270 2926 ses.
292 2865 432 2924 ‘Erosm
454 2863 524 2924 Ain'
544 2847 641 2924 vero?
673 2863 809 2924 Reucbls
831 2849 891 2926 alio
913 2864 1018 2926 hercle
1038 2887 1122 2927 vero.
1150 2865 1212 2924 Tot
1235 2865 1333 2924 effuti-

211 2977 328 3028 verunt
348 2963 539 3042 importunas
551 2963 757 3042 loquacitates,
780 2973 815 3024 ut
834 2965 894 3045 ipsi
916 2983 1039 3045 quoquo
1058 2963 1220 3024 Heraclito
1241 2965 1332 3024 risum

212 3066 408 3140 suscitaturus
428 3061 564 3137 dixisses.
603 3065 724 3126 Eresos.
744 3065 811 3144 Aga
831 3083 903 3145 ergo
925 3074 956 3125 et
975 3085 1041 3124 rem
1063 3062 1170 3142 paucis
1192 3063 1288 3142 aperi,
1303 3073 1333 3120 ut

212 3163 275 3224 huc
296 3181 360 3221 uua
378 3162 546 3220 redeamus.
566 3162 702 3224 Reuchl.
716 3166 776 3224 Tot
795 3163 920 3244 ineptiis
934 3183 1023 3224 auras
1038 3181 1118 3221 meas
1139 3161 1331 3232 obtuderunt,

211 3272 257 3337 ut,
272 3262 358 3322 uude
372 3261 508 3342 primum
520 3260 579 3319 sim
590 3281 765 3338 exorsurus,
783 3283 847 3324 non
863 3263 985 3323 videam
996 3262 1076 3322 satis.
1098 3264 1221 3323 Erasm.
1243 3259 1329 3337 Quod

211 3361 316 3422 auimo
332 3361 467 3442 primum
490 3360 640 3433 occurrit,
661 3359 743 3422 istud
763 3373 817 3436 est,
838 3362 921 3442 qaod
936 3361 1018 3422 volo.
1038 3359 1170 3422 Reuchl.
1192 3359 1250 3419 Vis
1265 3375 1329 3436 ergo

211 3461 338 3522 dicam?
356 3463 726 3520 Damuantomnesomno
738 3479 833 3539 genus
846 3461 958 3522 literas.
978 3463 1100 3520 Erosna
1121 3455 1330 3520 Omnesuerol

210 3557 347 3622 Reucbl.
364 3559 480 3620 Omnes
493 3579 577 3621 vero.
600 3563 723 3622 Erasm:
743 3562 781 3621 Et
795 3561 917 3622 bonosi
938 3557 1068 3621 Reuobl.
1090 3559 1190 3618 Bonas
1207 3547 1331 3616 tautum.

210 3662 333 3722 Erasm.
356 3659 442 3736 Quid
464 3661 501 3719 do
522 3646 633 3719 malici
655 3659 783 3722 Reucbl.
804 3659 888 3720 tttud
909 3669 969 3733 est,
999 3657 1081 3738 quod
1103 3658 1241 3720 omnium
1262 3675 1330 3735 pro,-

209 3758 284 3819 bant
305 3757 448 3818 maxime.
467 3761 587 3822 Erusm.
615 3758 782 3819 Nullamne
803 3759 935 3840 probant
956 3756 1174 3837 disciplinam?
1205 3753 1330 3817 Reucbl.

208 3857 395 3918 Remsolum
408 3861 539 3939 probant
552 3879 654 3920 unam.
673 3861 795 3920 Erum.
815 3855 1069 3936 Quidiinquam.
1092 3854 1223 3915 Reuobl.
1248 3857 1330 3931 Quae
1411 3927 1412 3930 Ἴ

76 3995 82 4007 =
184 3942 333 4017 'nullum
354 3957 480 4018 omnino
501 3957 847 4030 habeatoruameutum,
868 3956 1049 4017 barbariem.
1069 3955 1189 4014 Erasm.
1209 3953 1331 4028 Ho,lro.
1411 3943 1412 3956 ¹

210 4054 298 4133 Quid
319 4055 358 4114 de
379 4055 505 4116 Graecis
524 4057 646 4118 literis?
675 4056 805 4118 Reucbl.
824 4056 959 4137 Jupiter,
980 4054 1122 4134 estquod
1141 4053 1245 4114 ridere
1265 4050 1331 4112 satis

60 4157 62 4169 '
125 4234 135 4244 ›
208 4157 517 4232 nequeunt-Eram.
539 4157 623 4235 Quia
642 4177 706 4217 non
727 4145 843 4220 norunt
860 4155 997 4216 fortasse.
1024 4151 1255 4216 Bouchetion
1275 4169 1331 4209 no-

102 4244 121 4279 f'
140 4240 154 4248 ‘¹
210 4260 292 4314 aaut·
342 4252 507 4330 Quomodo
527 4265 667 4320 nonanta
700 4257 828 4339 congrui
848 4273 912 4318 nou
931 4263 1011 4322 suut.
1034 4255 1155 4343 Eresos.
1176 4246 1331 4333 congrui?
