2896 4716
406 349 674 450 osse-Ua.
721 351 945 415 Vluon‘.
1173 351 1234 420 187

113 511 271 574 sittdicure
292 510 383 570 istum
403 507 555 589 injuriam.
596 508 665 589 Ipse
686 520 731 569 est
748 507 872 567 studens
892 507 1098 582 (lumniensis,
1127 520 1157 570 ct
1172 520 1239 569 ste-·

98 611 149 671 ‘tit
168 611 203 669 in
224 611 324 670 Bursa
345 608 473 682 montis,
511 607 593 689 quod
614 625 670 687 ego
690 627 749 686 pro
771 617 853 665 certo
881 607 962 666 scio=
1003 627 1076 687 ergo
1104 608 1232 681 faciatis,

115 709 195 788 qood
213 704 409 769 Universitas
430 707 609 774 citatorum:
640 699 714 764 tunc
734 705 878 764 volumus
896 723 968 764 eum
989 703 1143 790 declarare
1161 721 1235 786 per-

114 807 232 888 jurum,
272 807 347 887 quia
366 815 412 864 ‘est
428 805 683 864 immanioulatus
701 801 735 860 io
756 803 917 862 matricula
936 796 1168 877 Universitatis,
1202 813 1234 864 et

100 907 187 966 'fecit
204 907 443 986 juramentum,v
472 901 652 983 quodvult
679 921 845 980 procurare
870 903 993 961 bonum.
1006 903 1236 978 Universitutis3
1343 963 1357 980 ,

114 1005 165 1064 sed
184 1025 269 1064 nnuc
287 1011 347 1062 stat
367 1021 436 1061 cum
457 1004 573 1062 loannc
593 999 755 1062 Reucbliu-
774 1011 880 1060 contra
899 1000 1146 1062 Universitutem.
1185 1002 1235 1061 OElt

114 1123 206 1183 rogo,
227 1101 311 1181 qnod
333 1101 436 1159 velitis
456 1098 516 1158 boo
534 1099 632 1160 statim
655 1099 776 1172 facere,
820 1109 850 1157 et
871 1100 995 1159 mittatis
1022 1100 1100 1174 mibi
1119 1099 1233 1160 librum
1276 1081 1299 1114 ⁸¹

98 1200 237 1262 *Ioannis
259 1202 293 1260 Ρ.
306 1199 360 1279 qui
381 1199 572 1260 intitulatur:
593 1196 740 1258 Defensio
761 1197 885 1257 loannis
904 1198 1107 1278 Pepercomi,
1129 1209 1235 1260 contra

114 1301 253 1360 famosos.
313 1298 380 1378 Ego
400 1297 467 1358 vidi
486 1285 586 1377 nuper
605 1315 702 1357 unum
722 1296 836 1356 socium
860 1307 984 1376 portare
1005 1295 1085 1369 buc,
1119 1307 1150 1356 ot
1167 1300 1235 1358 vci-

113 1400 175 1457 lem
196 1399 241 1456 ita
259 1397 391 1456 libenter
410 1396 539 1468 babere,
560 1395 643 1474 quod
663 1415 717 1455 cor
736 1393 820 1455 dolet
839 1395 918 1455 mihi
939 1393 1031 1455 indes
1067 1397 1141 1476 quia
1164 1401 1233 1458 talis

112 1497 197 1556 liber
215 1497 307 1556 habet
327 1494 687 1574 multas-propositiones·
703 1495 838 1581 subtiles.
888 1485 1158 1556 ¹Dominus-*Dans
1176 1515 1235 1570 nuq

113 1605 178 1657 ster
198 1596 233 1656 in
253 1589 375 1658 aeterna
395 1594 492 1675 gloria
514 1592 669 1654 detvobis
688 1594 863 1654 salutemet
883 1613 1000 1675 pacem,
1021 1593 1130 1654 Amen.

344 1759 473 1822 Iodocos
492 1760 630 1818 Sartoris
658 1711 859 1818 miortuino
886 1759 1005 1820 Gratia.

202 1897 334 1955 Salutem
356 1895 591 1975 sempiternam,
616 1903 647 1953 et
666 1913 783 1954 novam
804 1913 918 1953 annum
941 1913 1011 1953 cum
1031 1894 1113 1954 bonu
1132 1895 1234 1958 forta-

50 2009 55 2024 '
115 2016 175 2070 nu,
197 1995 275 2054 sicut
295 1995 394 2054 estin
415 1993 547 2068 mundo,
568 2002 597 2052 et
616 1993 708 2073 plus,
731 1994 758 2052 si
777 2005 820 2052 est
839 1992 998 2074 possibile,
1023 2005 1094 2078 opto
1116 2009 1235 2058 vestrae

114 2093 336 2167 dominationi)
368 2113 446 2172 quae
466 2093 554 2152 debet
572 2091 649 2151 scire
659 2135 668 2166 ‚
702 2093 784 2171 quod
804 2092 1000 2151 adbuc'benc
1020 2096 1155 2156 succedit
1175 2099 1235 2155 mi-

113 2192 149 2252 hi
159 2235 169 2266 ‚
191 2193 229 2250 de
248 2193 343 2269 gratia
363 2191 441 2265 Dei,
462 2191 515 2270 qui
535 2189 644 2250 tribuit
663 2190 743 2248 mibi
763 2189 1002 2248 mirericordiam
1025 2211 1127 2266 suam,
1149 2204 1180 2254 et
1192 2197 1235 2254 si-

114 2301 170 2350 cut
199 2291 274 2350 dicit
293 2291 403 2348 Psalm.
425 2309 429 2330 ¹·
453 2289 641 2363 „Exaudivit
660 2275 1083 2366 Dominus‘deprecationcm
1105 2297 1236 2351 meam.“

112 2391 272 2450 Dominus
299 2391 467 2450 orationem
480 2427 483 2434 .
496 2387 655 2467 suscepit,'
676 2387 749 2466 quis
778 2405 833 2446 oro
858 2386 995 2464 quotidie
1021 2409 1078 2467 pro
1105 2392 1236 2470 peccatis

111 2491 216 2563 mois,
238 2496 374 2566 utpote,
400 2488 483 2568 quod
502 2485 655 2546 Dominus
675 2493 778 2542 noster
796 2485 880 2544 lesus
901 2483 1039 2546 Christus
1061 2489 1137 2548 velit
1156 2491 1236 2550 mibi

111 2585 277 2648 custodire
297 2587 425 2646 animam
445 2598 475 2645 et
495 2605 621 2666 corpus,
655 2583 709 2643 sed
734 2592 836 2641 tamen
858 2585 952 2664 magis
972 2586 1122 2646 animam:
1164 2589 1237 2668 quia

112 2705 233 2766 corpus
254 2695 299 2744 est
317 2687 433 2766 pulvis,
455 2694 486 2746 et
505 2685 583 2744 sicut
603 2681 679 2741 dicit
695 2701 780 2741 sacra
796 2681 962 2763 scriptura:
982 2685 1111 2759 „Pulvis
1131 2707 1179 2761 es,
1206 2696 1237 2748 et
1284 2722 1287 2732 ·

111 2787 149 2846 in
170 2783 545 2866 pulverem¹reventeris.“
585 2780 686 2842 Etiam
707 2801 812 2861 spero,
848 2782 930 2862 quod
950 2803 1014 2845 nou
1035 2786 1113 2844 male
1133 2805 1238 2846 succe-

113 2886 165 2946 dit
185 2882 285 2945 vobis:
308 2882 391 2964 quis)
407 2883 529 2963 qnando
548 2901 629 2940 uuus
648 2879 740 2940 babet
757 2881 994 2962 istam-gratiam
1013 2905 1032 2942 a
1046 2887 1133 2964 Deo,
1156 2887 1239 2967 quod

112 3003 240 3063 semper
260 2983 399 3064 poenitet
418 2981 456 3042 de
475 2980 605 3062 peccatis
623 2979 705 3053 suis,
726 2989 757 3040 ct
778 2989 844 3040 orat
864 2981 1145 3065 devctsorutioncs
1158 3005 1238 3058 suas,

114 3083 177 3146 etsi
196 3102 261 3141 non
281 3101 371 3161 saepe
389 3081 522 3161 jejunat,
554 3089 655 3140 tamen
677 3079 829 3142 Dominus
851 3082 938 3142 Deus
959 3102 1022 3144 non
1040 3084 1126 3156 vult,
1156 3071 1250 3162 quod'

114 3182 199 3242 mals
219 3181 354 3244 succedit
374 3180 412 3244 ei.
452 3182 516 3259 Ego
538 3178 620 3254 scio,
640 3180 723 3259 qood
743 3179 992 3247 habetisbonam
1012 3182 1238 3256 conscientium,

115 3293 149 3342 et
169 3299 291 3361 semper
313 3279 383 3338 estis
403 3279 438 3338 in
457 3279 573 3352 studio,
608 3279 715 3340 volens
741 3299 908 3360 procurare
935 3273 1050 3352 bonum
1076 3281 1239 3342 Ecclesiae

116 3381 205 3458 Quia
225 3379 288 3438 scio
308 3377 396 3451 berte,
426 3377 700 3458 quomodonuper
727 3379 886 3458 scripsistis
912 3401 1010 3442 unum
1029 3380 1144 3440 librum
1165 3399 1241 3442 con-

115 3491 168 3540 tra
180 3477 333 3558 quendam
354 3477 553 3547 haereticum,
573 3477 679 3537 loson.
693 3476 863 3549 Reucblin,
884 3487 915 3538 et
935 3479 997 3538 fuit
1018 3477 1063 3538 ita
1082 3478 1242 3558 magistra·

115 3579 193 3638 liter
216 3575 413 3656 compilatus,
444 3577 527 3655 quod
546 3575 643 3638 habui
662 3574 894 3657 admirationem
914 3576 1041 3651 exinde,
1068 3575 1242 3638 ctdiaisad

19 3669 22 3676 ’
117 3695 219 3737 unum
240 3675 406 3735 Cursorem
426 3671 464 3736 de
486 3673 605 3733 Ordine
626 3667 972 3756 Praedicatorumfflui
992 3676 1244 3756 circumportatit

118 3777 216 3838 talem
238 3773 380 3833 librum!
433 3772 498 3852 Ego
519 3773 619 3847 credo,
641 3772 724 3852 quod
745 3773 802 3832 iste
821 3771 913 3832 homo
939 3772 1032 3834 babet
1052 3774 1113 3834 duo
1133 3773 1243 3854 capita,

119 3859 205 3955 qiiod
223 3881 325 3953 potest
343 3872 388 3932 ita
400 3869 573 3931 'scientifico
593 3873 761 3954 practicam
781 3891 874 3932 unum
895 3893 970 3932 rem.
1022 3873 1084 3934 Sed
1103 3873 1245 3933 intellexi

120 3974 216 4034 etiam
237 3970 276 4030 ab
296 3969 352 4030 illo
363 3971 496 4031 Cursore
503 4013 513 4044 ‚
540 3971 623 4050 quod
643 3970 773 4032 scribitis
794 3981 998 4032 commentum
1016 3993 1109 4052 super
1128 3972 1245 4044 librum

120 4073 203 4152 Mag.
225 4068 358 4131 Arnoldi
375 4069 414 4129 de
433 4070 600 4149 Tungaris‚
622 4091 713 4151 quem
726 4070 909 4131 articulatim
930 4071 1100 4152 composuit
1119 4071 1158 4130 dc
1171 4091 1245 4151 pro-

120 4169 327 4252 positionibus
358 4167 592 4228 haercticalibus
621 4168 745 4249 Speculi
763 4169 944 4231 ¹Oculoris..
992 4169 1122 4232 Mittatis
1156 4169 1245 4245 mibi,

121 4268 248 4354 quanto
268 4277 313 4334 cst
331 4267 504 4388 perfectum
525 4269 587 4334 tals
609 4278 830 4336 commentum:
858 4269 932 4355 quis
955 4269 1034 4350 scio,
1070 4268 1153 4354 quod
1171 4289 1245 4356 pro·
1277 4367 1279 4372 ι
