2866 4724
506 347 812 418 titoMth.
1164 355 1225 420 ese
1321 321 1324 326 “

90 532 196 573 merim
209 487 365 591 vadjiciam
384 492 552 599 calculpm,
573 511 629 572 ubi
650 513 749 573 luerit
768 527 862 594 opus.¹
877 509 939 574 Sed
957 511 1007 574 dic
1026 512 1124 588 sodes,
1145 535 1223 594 qua-

88 614 127 672 lis
147 611 207 672 tibi
219 600 345 673 videtur
360 613 512 693 Europa?
531 615 532 622 ’
564 611 648 674 Num
668 611 750 672 idem
772 613 895 671 solunt
918 613 1003 672 Num
1022 605 1223 696 temperatior
1249 609 1255 618 ’

88 733 156 783 aer,
179 710 326 772 meratius
346 711 478 773 vinum?
499 709 673 783 Postremo,
695 711 832 770 inoribus
853 707 1012 772 nobiscum
1030 715 1223 775 conveniunt

88 809 222 873 Asiani?
270 809 365 870 Mem.
384 809 475 892 Nihil
493 809 553 870 lr'oc
573 810 682 869 attinet
703 809 822 885 dicere,
852 829 944 890 quam
962 811 1023 871 sint
1041 805 1138 872 ubera
1153 803 1217 873 'lac-

89 909 242 983 tifundia,
282 929 374 990 quam
403 909 511 970 creber
535 905 603 968 illic
625 927 731 969 rerum
754 911 893 969 emnium
914 902 1094 992 prouentus.¹
1156 909 1222 974 Ata
1254 955 1262 966 .

88 1008 191 1088 prime
217 1008 252 1067 id
276 1020 471 1088 perspectum
507 1009 736 1068 mercatoribus.
796 1009 904 1069 Asiani
934 1011 1027 1090 longo
1055 1011 1229 1072 intervallo·
1275 1034 1277 1038 ·

87 1109 162 1187 ipsis
182 1115 339 1187 praestant
358 1105 598 1187 Europensibus.
660 1109 756 1186 Pusq.
800 1109 880 1185 Qui,
924 1107 1071 1170 obsecro?
1124 1115 1221 1172 Mom.
1301 1181 1304 1187 Ι

88 1208 200 1266 Dicam
221 1206 331 1266 obiter.
372 1207 434 1266 Sed
454 1207 538 1266 unde
560 1207 696 1286 primum
718 1205 846 1266 ordiar?
886 1210 985 1286 Pcsq.
1015 1211 1043 1268 A
1062 1209 1221 1291 religione.
1250 1245 1251 1254 κ

87 1309 187 1365 Mum.
250 1305 427 1386 Nusquam,
470 1307 572 1366 Deum
593 1306 817 1365 immortalem!
859 1305 970 1386 religio
990 1307 1104 1387 major,
1145 1309 1226 1386 (nisi

89 1405 179 1466 fallat
206 1403 329 1484 opinio)
355 1421 506 1484 nusquam
536 1406 575 1465 ad
603 1401 742 1464 divinam
774 1423 841 1466 rem
861 1405 1056 1485 frequentior
1076 1409 1226 1488 populus,

88 1524 146 1564 nee
169 1523 343 1583 quenquam
365 1504 450 1579 vidi,
487 1499 640 1584 qui'adeo
661 1523 694 1562 se
714 1525 770 1564 suo
793 1505 954 1565 devoverit
975 1505 1117 1581 Christo,
1144 1497 1222 1569 vero

88 1603 207 1682 alioqui
228 1603 364 1678 numiui,
406 1612 442 1664 ut
470 1603 519 1662 illi
548 1625 580 1662 se
610 1603 812 1685 superstitiosi
832 1600 1010 1664 se'tradunt
1030 1589 1221 1668 Maliumeto.
1266 1603 1269 1608 ’

88 1705 209 1765 Verum
240 1702 300 1762 boc
321 1703 403 1764 nibil
423 1703 462 1762 ad
484 1703 638 1777 fabulam,
670 1723 749 1783 quse
770 1715 852 1762 secta
871 1703 911 1762 sit
924 1704 1058 1784 potior,³
1080 1709 1222 1786 quando-

89 1801 217 1882 quidem
248 1804 323 1863 adeo
349 1803 485 1864 increvit
515 1802 705 1878 Christiana,
733 1812 769 1862 ut
795 1803 928 1883 profana
955 1793 1104 1865 essenon
1125 1809 1225 1886 possit

86 1901 184 1976 fides,
212 1921 364 1982 nusquam
383 1903 437 1964 vel
457 1903 597 1962 locorum
614 1903 670 1962 -vel
690 1901 828 1982 gentium
848 1903 1008 1964 sincerior.
1070 1906 1136 1983 Qui
1154 1907 1227 1966 illie

88 2001 184 2060 iidem
205 2005 345 2082 ruperit,
365 2003 400 2062 in
423 2021 516 2060 omne
537 2021 636 2080 usque
655 2001 776 2082 tempus
794 2002 921 2062 infamis
933 2011 987 2062 est.
1029 2001 1095 2082 Qui
1113 2025 1221 2084 pacem

87 2103 255 2162 violaverit
277 2111 306 2162 et
328 2102 511 2174 amicitiam,
532 2099 619 2162 illico
629 2101 711 2160 ‹male
725 2101 897 2162 mulctatur.
938 2101 1029 2162 Nulli
1047 2101 1114 2161 illic
1129 2093 1222 2183 prae-

88 2203 200 2276 dones,
222 2201 309 2262 fures
327 2200 511 2283 paucissimi.
553 2201 827 2260 Latrunculatores
841 2199 940 2274 nulli,
952 2221 1060 2262 secura
1075 2199 1135 2261 via.
1156 2203 1221 2262 Im·
1267 2231 1271 2246 s

87 2314 214 2383 perator
234 2301 505 2376 clementissimus,
528 2319 714 2380 quamquam
738 2299 891 2358 ambitiosi
908 2300 1000 2359 forte.
1062 2298 1125 2359 Sua
1138 2303 1222 2362 ·cui-

86 2419 149 2482 que
167 2401 360 2481 permittitur
380 2399 467 2464 fides.
532 2402 618 2467 Haec
638 2408 812 2458 nostrarum
833 2416 940 2458 rerum
971 2397 1071 2460 ferme
1089 2421 1222 2462 vsumma

87 2513 118 2560 et
139 2513 240 2581 caput.
281 2505 378 2581 Pasq.
422 2502 472 2562 An
494 2521 558 2562 non
581 2499 657 2558 haec
678 2497 779 2556 omnia
800 2497 882 2578 apud
900 2497 978 2557 nos?
1019 2503 1115 2560 Mum.
1155 2501 1223 2560 Ne-

86 2613 250 2679 quaquam.
270 2603 367 2679 Pasq.
407 2599 442 2661 ld
462 2601 550 2660 nobis
568 2597 721 2662 edissere!
753 2600 849 2658 Mons.
880 2597 983 2671 Ced03
1003 2599 1058 2678 qui
1077 2611 1151 2660 sunt
1167 2621 1221 2661 re-

86 2700 213 2779 ligionis
233 2700 445 2780 antesignani?
487 2704 584 2778 Posq.
605 2697 783 2777 Theologi..
807 2699 904 2758 Mons.
939 2699 1050 2757 Probe.
1120 2699 1160 2758 Et
1182 2699 1230 2760 'lii'

86 2798 171 2878 quod
196 2797 358 2876 insigniter
380 2819 399 2858 a
418 2801 570 2880 religione
591 2799 735 2864 delirent,
756 2809 787 2855 et
808 2817 912 2856 secum
934 2797 1027 2856 etiam
1048 2798 1221 2880 impingere

85 2899 204 2956 faciant
225 2897 354 2978 vulgum
376 2918 467 2959 nemo
488 2898 657 2975 nouvidct.
688 2897 828 2956 Primum
842 2886 984 2976 quidem,
1003 2899 1104 2977 quad,
1121 2921 1221 2979 quum

85 2997 167 3058 mire
180 2997 242 3056 sint
257 2997 461 3075 superciliosi,
482 3019 517 3058 ac
531 2996 701 3076 niagni'licis
712 2993 811 3054 titulis
824 2995 914 3068 eluti,
930 2995 1007 3054 adeo
1027 2997 1109 3056 nibil
1129 3019 1222 3078 prae-
1288 3049 1292 3056 ,

84 3107 167 3156 etam
188 3096 248 3155 hoc
270 3097 396 3157 nomine
416 3097 563 3179 dignum,
584 3107 620 3156 ut
637 3096 750 3155 multos
771 3094 863 3153 etiam
884 3113 994 3156 secum*
1007 3097 1220 3178 praecipitent

84 3196 234 3270 Accedit,
278 3195 362 3272 quod
381 3196 508 3256 illorum
529 3195 595 3258 vite
616 3185 942 3272 doctrinee‘majoreni
967 3196 1002 3254 in
1022 3197 1149 3257 modum
1169 3219 1221 3258 re·

84 3306 213 3376 pugnat.
288 3295 359 3377 Ipse
380 3295 477 3370 nosti,
505 3296 589 3375 quud
610 3294 724 3354 inflatis
746 3292 849 3352 buccis
870 3294 1025 3353 muudum·
1041 3295 1221 3375 praedicent

85 3396 363 3468 contemnendum,
404 3396 622 3475 corpusculum
648 3403 755 3474 suapte
781 3403 892 3454 natura
926 3393 1076 3454 caducum
1102 3396 1219 3475 vigiliis
1278 3458 1281 3472 Ι

86 3507 118 3553 ct
154 3495 299 3574 squalore
322 3495 543 3576 subigendum,
592 3487 672 3554 nillil
708 3493 859 3572 agendum
886 3512 1086 3554 nummorum
1112 3495 1220 3575 gratia,

85 3593 333 3674 amplectendam
354 3605 582 3674 paupertatem
612 3613 708 3675 quum
727 3593 788 3672 ipsi
808 3591 935 3653 interim
957 3613 1016 3672 pro
1038 3594 1150 3674 opimis
1170 3616 1221 3654 sa-

84 3693 232 3752 cerdotiis
263 3692 439 3772 disglediari
465 3715 530 3754 non
550 3703 677 3756 cessent.
739 3697 836 3772 Paeq.
878 3693 1023 3768 Parcius,
1042 3713 1073 3750 'o
1094 3695 1220 3754 Momel

81 3797 182 3852 Mons.
224 3794 345 3853 Verum
384 3793 461 3852 dico.
497 3794 559 3854 Sed
580 3795 680 3854 dicam
702 3793 803 3852 adhuc
824 3791 975 3872 amplius,
1014 3784 1049 3852 ¹et
1076 3793 1230 3854 audacter.

84 3894 207 3968 dicam,
230 3895 335 3953 Deum
357 3893 476 3973 alioqui
497 3910 648 3974 nusquam
669 3891 998 3972 comprehensibilem,
1017 3893 1137 3952 idolum
1157 3891 1221 3952 fin-

84 4003 164 4071 gunt
188 4013 331 4067 cereum,
374 3995 409 4054 in
439 3994 580 4073 quamvis
601 4003 720 4075 partem
739 3990 892 4052 vertibile.
954 3991 1004 4050 Do
1025 3994 1085 4052 hoo
1105 3993 1220 4066 nescio,

82 4111 162 4172 qum
182 4093 329 4154 essentias
347 4093 519 4168 somniant,
549 4103 580 4156 et
600 4092 790 4168 existentias,
818 4091 1035 4168 haecceitates,
1049 4092 1223 4172 *quiddidm

82 4201 148 4260 tes,
169 4192 347 4266 nullitates,
370 4192 578 4268 universalia,
598 4192 716 4267 realia,
734 4194 896 4274 complexa
917 4199 948 4250 et
967 4194 1126 4274 perplexa,
1146 4211 1222 4272 sup-

81 4289 255 4374 positiones
272 4292 402 4360 ·caninas
421 4302 453 4356 et
472 4293 626 4370 taurinas,
646 4313 681 4353 ac
699 4293 794 4355 talem
814 4293 966 4375 quandam
981 4293 1157 4376 ineptarum
1172 4291 1227 4352 sa·¹
1258 4285 1270 4295 “’

945 4384 1017 4456 23⁴
