2872 4722
391 327 666 406 o'sscun.
707 345 935 407 virson.
1163 353 1224 418 tou
1298 339 1310 356 ⁸

89 499 215 582 quaudo
236 499 584 595 videlicetloonfitentes
604 512 676 564 sunt
695 501 819 562 contriti
842 511 872 562 et
892 506 1085 584 compuncti,
1114 522 1144 572 et
1164 531 1220 573 vo-

89 603 159 662 lunt
179 600 422 662 communicare.
452 603 526 662 Ideo
540 602 613 664 volo
633 623 653 662 a
672 601 883 663 dominatione
901 617 1007 683 vestra
1031 607 1221 692 interrogare

88 721 186 762 unum
209 699 420 781 quaestionem
441 701 708 782 Theologicalem,
733 721 825 780 quam
843 721 900 762 vos
920 705 1001 764 bene
1020 705 1153 786 potestis
1166 713 1221 772 de-

88 800 279 874 terminare,
311 799 385 879 quia
405 800 475 859 estis
496 821 577 860 unns
597 801 696 860 bonus
717 801 840 874 artista,
878 809 909 862 et
928 803 1011 863 scitis
1031 806 1110 866 bene
1130 829 1221 888 prae-
1274 847 1285 858 -

89 899 195 960 dicere
207 943 217 975 ,
256 909 287 960 et
309 898 428 959 habetis
455 920 554 959 unum
576 901 693 959 bonum
711 893 815 960 'zelum
827 939 838 967 ,
873 909 904 960 et
925 902 996 962 estis
1017 907 1221 972 conscientiu-

88 1019 148 1058 sus.
205 998 340 1061 Etcum
362 997 422 1059 hoc
442 999 551 1072 audio,
584 998 667 1078 quod
686 998 805 1059 habetis
829 1019 923 1066 unani
945 1007 1086 1083 magnam
1107 1008 1222 1071 libera.

88 1097 169 1156 riam
201 1100 238 1160 in
265 1109 369 1162 vestro
398 1109 567 1173 conventu,
613 1098 646 1158 in
673 1120 734 1179 qua
762 1108 835 1159 sunt
861 1100 953 1160 multi
978 1103 1052 1163 libri
1072 1104 1107 1164 in
1129 1109 1221 1170 Sacra

89 1185 278 1277 Scriptura,¹
296 1200 330 1258 in
351 1199 566 1279 Philosophia,
597 1209 628 1259 ct
646 1200 679 1257 in
702 1197 817 1278 logica,
847 1198 938 1258 etiam
959 1201 1053 1263 Petro
1073 1204 1220 1286 Hispano.

87 1291 224 1357 Necnon
253 1297 378 1377 qnidam
407 1317 565 1377 processus
598 1296 785 1377 magistrales
813 1297 852 1358 de
884 1298 1028 1375 Colonia,
1070 1303 1111 1363 de
1129 1306 1227 1368 bursa

86 1396 270 1470 Laurentii,
291 1397 346 1457 ubi
365 1395 446 1476 regit
466 1406 537 1456 ectu
558 1397 705 1476 Magister
724 1405 828 1456 noster
847 1399 1028 1480 Tungarus,
1057 1402 1109 1463 vir
1128 1407 1220 1468 valde

86 1495 210 1554 zelosus
231 1515 269 1553 ac
286 1495 459 1575 profundus
488 1495 522 1554 in
545 1495 716 1574 Theologia
736 1495 937 1576 speculativa,
978 1511 1008 1559 et
1028 1500 1220 1567 illuminatus
1299 1524 1303 1538 '

86 1594 123 1654 in
143 1593 208 1654 fide
229 1594 396 1655 catholica.
439 1594 591 1671 Quamvis
613 1594 737 1674 quidam
757 1596 876 1655 Doctor
898 1596 932 1655 in
951 1598 1026 1659 Jure
1052 1603 1122 1662 vult
1146 1625 1218 1666 eum

83 1713 221 1768 vexare,
245 1695 380 1754 sednon
400 1703 445 1754 cst
464 1693 605 1753 formulis
626 1694 661 1754 in
682 1694 884 1774 disputando,
903 1715 960 1754 nec
980 1699 1172 1777 qualificatus
1183 1706 1218 1766 in

83 1793 183 1852 libris
214 1795 449 1870 sententiarum,
490 1795 562 1853 ideo
592 1813 656 1852 non
690 1806 799 1853 curant
830 1814 902 1854 enm
937 1797 1080 1878 Magistri
1110 1805 1217 1865 nostri.

84 1891 223 1952 Necnon
240 1895 408 1975 praecipue
424 1894 532 1969 undio,
553 1893 691 1984 quodsin
712 1892 869 1973 praedicta
889 1895 1050 1974 liberaris,
1071 1900 1126 1961 uhi
1145 1923 1218 1964 cur-

85 2011 172 2051 sores
202 1991 238 2052 in
267 1993 436 2072 Theolcgia
465 1994 580 2053 habent
606 2012 698 2053 suurn
723 1993 939 2069 studitorinm‚
978 2007 1024 2058 cst
1047 1997 1159 2078 ligatus
1181 2003 1215 2064 in

84 2091 191 2150 ferrea
211 2101 318 2152 catena
337 2114 419 2153 unns
439 2092 520 2153 liber
540 2092 631 2154 valde
652 2093 813 2166 notabilis,
852 2093 906 2172 qui
934 2095 1049 2156 dicitur
1068 2099 1216 2161 Conbibi-

84 2190 230 2267 lationes,
255 2192 328 2272 qnia
346 2193 438 2252 etiam
454 2193 590 2253 continet
609 2194 785 2252 autoritates
805 2191 839 2251 in
859 2192 1045 2274 Theologis‚
1069 2209 1100 2258 et
1114 2201 1215 2278 prima

84 2291 240 2372 principia
261 2312 366 2352 sacrae
384 2293 570 2373 scripturae,
612 2311 704 2372 quem
730 2290 818 2350 vobis
836 2289 951 2370 legavit
969 2313 1049 2354 unus
1067 2297 1215 2379 Magister

83 2400 189 2450 noster
212 2390 251 2450 de
265 2392 423 2452 Parrhisia
441 2393 475 2452 in
497 2392 604 2450 mortis
624 2389 771 2462 articulo,
806 2389 929 2468 quando
950 2392 1025 2452 fecit
1046 2399 1214 2459 confessio-

83 2510 156 2549 nem
179 2499 213 2548 et
233 2491 383 2550 revelavit
404 2492 552 2571 quaedam
574 2498 688 2548 secreta
708 2488 743 2547 in
764 2489 1001 2558 Bonaventura‚
1036 2504 1066 2554 et
1085 2497 1212 2558 niundo-
1292 2523 1295 2529 ·

81 2588 144 2662 vit,
170 2588 258 2668 quod
279 2608 368 2647 nemo
387 2589 512 2649 deberet
531 2590 562 2647 in
587 2607 624 2646 eo
644 2587 763 2665 legere,
798 2587 853 2665 qui
873 2607 937 2647 non
957 2599 1034 2650 esset
1052 2594 1091 2652 do
1110 2608 1210 2658 vestro

83 2688 212 2760 ordine,
234 2697 265 2746 et
283 2688 317 2747 in
334 2687 393 2746 hoc
410 2689 494 2769 Papa
515 2686 599 2746 dedit
619 2685 765 2764 quasdam
786 2685 1007 2764 indulgentias,
1028 2701 1059 2750 et
1080 2704 1209 2774 catenas,

82 2787 164 2866 apud
182 2805 276 2866 quem
303 2787 418 2848 librum
439 2787 517 2867 jacet
536 2786 699 2846 Henricus,
718 2785 757 2843 de
776 2784 884 2844 Hassia
909 2796 940 2846 et
963 2789 1138 2868 Vennones,
1179 2809 1210 2858 et

83 2906 188 2944 omncs
210 2887 266 2946 alii
285 2888 438 2947 Doctores
458 2907 550 2966 super
569 2885 656 2945 libris
672 2885 909 2960 sententiarum,
945 2885 980 2946 in
1009 2890 1119 2966 quibus
1141 2915 1209 2955 onr-
1261 2945 1265 2952 ,

82 2987 172 3046 nibus
193 3006 249 3046 vos
267 2979 342 3046 vestis
366 2986 530 3060 fundatus,
565 2996 596 3044 et
621 2983 703 3043 scitis
730 2983 898 3044 defendere
927 3007 1050 3049 omnem
1070 2991 1152 3053 viam
1174 2995 1207 3056 in

82 3085 267 3165 disputando
288 3087 512 3164 Antiquarum,
551 3085 791 3156 modernorum,
820 3084 1038 3162 Scotistarum,
1070 3091 1209 3153 Alberti-

82 3195 209 3258 starum,
230 3194 262 3245 et
282 3185 376 3244 etiam
397 3187 534 3257 illorum,
557 3184 610 3261 qui
630 3193 701 3241 sunt
720 3183 758 3242 de
782 3185 872 3243 bursa
884 3185 993 3246 Kneck
1013 3187 1046 3247 iu
1066 3191 1205 3268 Colonia,
1288 3231 1291 3238 ·

82 3283 134 3342 ubi
156 3283 272 3344 hahent
288 3286 451 3366 proprium
472 3285 657 3364 processum.
706 3281 779 3344 Ideo
806 3303 881 3363 rogo
903 3306 958 3346 vos
978 3287 1156 3350 cordialiter
1175 3303 1206 3352 et

83 3381 278 3457 charitative,
314 3384 396 3462 qnod
423 3405 486 3443 non
514 3381 617 3442 velitis
647 3401 776 3462 gravare
803 3381 837 3440 in
864 3404 934 3444 mea
959 3385 1124 3464 petitione:
1152 3389 1205 3448 sed

82 3483 157 3540 mihi
185 3482 262 3541 dare
289 3503 386 3542 unum
414 3483 529 3542 bonum
559 3480 723 3541 consilinm
751 3478 785 3538 in
804 3499 873 3539 mea
900 3485 1076 3559 quaestione
1095 3505 1205 3546 secun-

81 3580 152 3640 dnm
167 3593 314 3642 ¹uestrum
335 3602 438 3662 posse,
460 3591 490 3641 et
512 3569 664 3660 allegare',
687 3577 761 3657 qnid
781 3580 911 3637 Domini
933 3583 1081 3642 Doctores
1101 3584 1205 3644 deter-

79 3683 199 3741 minant
220 3681 407 3761 disputative
427 3691 456 3739 et
477 3679 661 3739 conclusive.
705 3678 759 3736 Est
780 3689 881 3737 autem
903 3684 1039 3758 quaestio
1057 3681 1115 3741 istu
1134 3682 1204 3742 talis

78 3777 109 3837 in
130 3779 180 3838 sui
205 3780 324 3840 forma:
363 3781 513 3850 „Utrum
531 3775 688 3837 Lollrordc‘
710 3788 740 3834 et
760 3778 917 3856 Beguttae
936 3783 970 3838 in
989 3781 1116 3841 Colonia
1129 3794 1204 3840 sunt

78 3879 231 3937 seculares
246 3880 300 3939 cel
318 3880 503 3957 spirituales
514 3897 682 3954 personae,
705 3887 811 3934 utrum
833 3889 995 3939 tonsuratur
1008 3880 1118 3958 jacere
1127 3901 1203 3957 pro-

69 3977 268 4055 fessionem?
290 3982 353 4038 :Et
375 3999 416 4036 cn
444 3981 572 4056 possint
592 3979 730 4053 occipere
753 3977 898 4037 mulieres
921 3992 951 4038 ct
981 3979 1098 4038 uiros.“
1137 3979 1214 4060 Ego,

76 4076 131 4135 din
151 4077 259 4139 studui
279 4079 315 4140 in
344 4078 635 4158 SacraScriptnra,
671 4075 704 4134 in
727 4074 906 4154 Discipulo,
940 4086 970 4135 ct
989 4077 1023 4136 in
1044 4077 1202 4139 Fasciculo

73 4184 270 4255 temporum,
290 4198 412 4238 necnon
433 4177 465 4237 in
482 4177 551 4237 aliis
570 4173 660 4235 libris
679 4172 864 4239 authenticis
884 4175 994 4235 Sacrae
1016 4177 1203 4257 scripturae,
1286 4165 1289 4169 ¹

73 4274 127 4333 sed
148 4295 214 4336 non
234 4289 325 4358 potus
337 4276 491 4338 invenire.
533 4274 585 4334 Sic
607 4274 699 4334 etiam
722 4273 847 4353 quidam
867 4275 1014 4338 Sacerdos
1038 4276 1073 4338 in
1093 4277 1201 4349 Fulda,

976 4373 996 4435 9
