2866 4724
141 339 289 408 =318
479 419 482 432 ¹
587 297 986 427 surerenas

204 498 347 584 'probris
367 498 534 562 effecerunt
552 498 680 560 infinitis
701 509 732 562 ct
751 499 960 563 intolerandis.
1018 503 1129 566 Faber.
1173 506 1279 584 Quare
1301 509 1346 570 al-

195 611 197 618 '
226 599 391 662 fecerunt?
419 601 540 660 Erasm.
562 601 730 676 Damnant,
746 621 824 680 quae
844 601 1021 676 scribimus,
1044 613 1075 664 et
1092 625 1150 664 uos
1172 607 1259 666 velut
1278 608 1345 670 hae·

225 701 340 763 recicos
361 700 541 780 explodunt.
584 698 663 758 Feb.
706 699 831 760 Utinam
856 701 989 781 optimus
1010 724 1119 764 eorum
1141 716 1218 767 esset
1238 709 1347 768 altem-

224 805 266 862 tri
287 812 420 860 vestrum
444 799 678 879 comparandus.
730 799 860 860 Reuchl.
904 801 1021 862 Dicunt
1038 790 1280 882 praetereanou
1300 808 1347 870 in·

224 912 348 971 teresse,
371 899 537 978 quidquam
559 898 598 957 de
620 899 688 957 Dee
710 899 807 978 loqui.
829 899 906 958 Fab.
927 900 1012 978 Quid
1033 921 1105 982 ergo
1124 904 1234 964 volunt
1256 906 1347 977 faeie

224 1000 286 1084 tis?
308 1001 430 1058 Erasm.
451 997 583 1072 Nescio,
604 997 665 1060 nisi
685 1009 721 1057 nt
743 997 781 1056 de
802 997 925 1060 diaholo
945 1009 1064 1058 tantum
1085 1003 1178 1062 verba
1192 994 1345 1066 faciamus.

224 1098 301 1160 uas.
323 1097 468 1157 Mirabile
491 1095 652 1156 hominum
676 1116 788 1176 genus,
833 1097 885 1176 qui
913 1092 972 1158 sibi
995 1099 1146 1178 sapientes
1165 1102 1276 1163 haberi
1295 1125 1348 1166 ro-

221 1201 307 1271 ]unt‚
331 1187 480 1256 ettamen
502 1196 726 1256 santumnium
746 1195 934 1256 stultissimi!
953 1198 1084 1258 Reuchl.
1105 1199 1166 1259 Sed
1186 1201 1273 1272 audi,
1292 1203 1348 1261 Fa·

223 1301 296 1370 bcr,
317 1297 376 1356 hoc
398 1295 479 1356 nihil
505 1305 566 1368 est,
587 1305 625 1377 ²³,
637 1295 766 1375 perinde
787 1315 821 1355 ec
842 1315 898 1354 nos
921 1297 1093 1358 exsibilant.
1121 1294 1197 1358 Fae.
1226 1301 1348 1362 Exsihi-

222 1399 305 1470 lant,
331 1397 413 1454 lleus
429 1394 526 1465 hone,
548 1413 638 1470 quam
661 1393 791 1453 obrem?
812 1397 934 1454 Eraem.
953 1396 1152 1456 Haereticam
1174 1407 1205 1458 te
1225 1401 1348 1480 praedi-

223 1505 302 1557 cunt.
344 1493 420 1554 Feb.
441 1493 581 1553 Curitel
603 1493 734 1554 Reuehl.
757 1493 839 1570 Quia
860 1493 976 1552 dixeris
995 1495 1175 1575 legendum:
1196 1507 1228 1558 ct
1241 1499 1349 1560 inter

221 1617 257 1658 ra
278 1614 357 1676 pax,
378 1591 555 1652 hominibus
568 1591 809 1654 bonavoluntas.
837 1591 913 1652 Feb.
933 1591 1012 1652 Cum
1034 1614 1142 1656 eorum
1163 1617 1241 1676 pace
1262 1599 1349 1658 dixe-

221 1697 301 1771 rim3
328 1713 383 1772 ego
404 1693 449 1768 ita
467 1692 501 1751 in
521 1692 665 1752 Eccles‘iis
685 1691 850 1772 legendum
872 1711 934 1752 ιιοιι
956 1693 1130 1773 praecipio,
1158 1696 1212 1756 sed
1237 1717 1347 1758 moneo

220 1803 339 1855 tantum
360 1792 444 1851 hunc
462 1791 612 1853 sermonis
635 1790 747 1850 Graeci
768 1788 882 1849 hahere
900 1811 1032 1852 sensum.
1061 1793 1138 1868 Vos,
1153 1797 1209 1874 qui
1230 1807 1347 1858 utram-

220 1913 279 1974 que
301 1891 395 1952 nostis
422 1890 557 1970 linguam
563 1932 572 1964 ‚
614 1885 731 1971 judices
759 1899 863 1950 estote.
903 1875 1034 1949 erasm.
1066 1893 1186 1954 Neuter
1205 1909 1346 1957 nostrum

91 1967 99 1974 ι
141 2023 146 2036 .
220 1993 383 2064 diffitetur,
405 1989 481 2069 quin
502 1989 670 2049 rectissime
690 1987 815 2050 dixeris.
842 1985 918 2046 Feb.
945 1988 1074 2050 Nihilne
1093 1993 1177 2056 aliud
1198 1997 1346 2076 culpant?

218 2090 350 2154 Reuclrl.
371 2090 503 2169 Culpant
523 2088 614 2152 etiam
635 2098 702 2148 tuas
724 2087 934 2166 Magdaleuas,
956 2099 992 2146 et
1003 2087 1161 2153 haereseos
1169 2095 1249 2154 loco
1261 2097 1346 2156 dam-

218 2201 303 2252 nant.
347 2189 422 2250 Feb.
446 2189 609 2267 Quomodo
623 2186 774 2268 culpent?
794 2189 915 2247 Erasm.
938 2186 972 2246 In
992 2190 1124 2268 publrcrs
1134 2195 1344 2269 concionibus,

218 2267 363 2350 audiente
383 2290 516 2369 populo,
538 2300 568 2349 te
588 2287 800 2368 proscribunt,
823 2285 955 2366 impium
975 2301 1104 2364 vocent,
1132 2301 1162 2352 et
1178 2303 1216 2354 ut
1235 2294 1344 2356 haere-
1423 2271 1424 2288 Χ

216 2389 313 2450 ticum
330 2387 461 2448 flammis
481 2389 643 2450 devovent.
683 2385 762 2448 Feb.
781 2388 975 2461 Densbone,
991 2389 1046 2468 qui
1065 2392 1255 2470 praedicant,
1279 2412 1342 2477 nou

217 2509 281 2548 esse
303 2487 533 2550 detrahendum.
595 2486 630 2547 Si
650 2486 770 2566 scriptis
790 2485 984 2567 deliquerim,
1023 2509 1118 2568 quare
1137 2491 1260 2572 scriptis
1279 2513 1341 2552 non

216 2587 402 2648 confutanti
427 2587 558 2648 Reuchl.
579 2583 707 2666 Scriptis
721 2585 812 2646 etiam
829 2569 989 2648 confutare
1010 2599 1135 2654 conatus
1154 2599 1217 2666 est,
1237 2593 1340 2652 nescio

212 2689 299 2767 quis,
320 2687 505 2750 auriculatus
527 2697 558 2748 et
578 2685 745 2748 cucullatus
764 2681 871 2746 Friter
892 2685 1077 2766 deprendis
1096 2689 1193 2764 valle,
1215 2689 1287 2769 qui,
1307 2701 1340 2752 ut
1421 2691 1422 2698 ’

216 2788 388 2850 doctrinam
415 2807 485 2848 cum
505 2784 680 2864 eloquentia
707 2783 821 2844 hahere
850 2784 1044 2864 conjunctam
1069 2787 1243 2864 videretur,
1276 2800 1340 2852 etu-

216 2888 303 2960 duit,
322 2897 471 2966 quantum
491 2884 614 2967 potuit,
635 2902 808 2945 sermonem
823 2903 909 2944 suum
929 2885 1100 2965 phalerare.
1160 2888 1240 2950 Feb
1300 2891 1340 2952 Et
1420 2883 1421 2898 ³

215 3005 307 3082 quem
328 2985 467 3047 adhibuit
488 2983 628 3046 cultum?
663 2986 785 3044 Erusm.
826 2979 1013 3046 Universum
1032 2986 1215 3068 Apologiam
1236 2989 1340 3070 pinxit

213 3085 359 3166 perbelle.
388 3085 502 3144 meae
520 3083 642 3161 Quibus
663 3082 833 3156 coloribus,
854 3083 1050 3144 Rhetoricis?
1071 3086 1200 3148 Reucdl.
1222 3091 1338 3150 Barba-

213 3179 316 3244 rismis
337 3194 368 3242 et
388 3183 590 3256 soloecismis,
631 3182 676 3242 ita
696 3191 732 3242 ut
752 3181 854 3262 prima
873 3203 993 3263 quoque
1019 3185 1116 3244 oratio
1143 3187 1338 3250 autorisin·

214 3283 326 3362 eptiam
347 3285 418 3342 satis
437 3291 560 3363 arguat,
581 3280 648 3340 illic
667 3280 796 3341 infinitis
815 3301 896 3362 pene
915 3292 946 3342 te
958 3282 1092 3344 efficiunt
1106 3286 1239 3363 probris.
1258 3287 1337 3348 Pru-

212 3393 319 3462 pterea
340 3395 457 3442 oratum
479 3395 510 3441 te
529 3383 685 3454 venimus,
718 3390 752 3439 ut
782 3381 822 3440 ad
841 3382 1059 3460 expugnandos
1080 3381 1259 3462 hujusmodi
1279 3405 1336 3446 ne-

212 3483 341 3542 bulones
360 3483 518 3542 nobiscum
540 3501 625 3541 arma
646 3499 788 3560 capessas.
830 3479 907 3540 Feb.
927 3483 991 3560 Ego
1012 3499 1119 3541 eorum
1142 3484 1236 3554 verbs
1254 3484 1337 3544 nihil

211 3581 309 3654 facio,
333 3603 434 3660 neque
455 3581 534 3641 mihi
554 3599 646 3640 curae
666 3588 710 3637 est
730 3579 923 3659 respondere.
962 3581 1086 3640 erasm.
1112 3581 1244 3662 Impune
1263 3603 1335 3662 ergo

211 3679 268 3739 tibi
289 3681 473 3742 detrahent?
505 3679 582 3740 Feb.
602 3677 767 3739 Mordeant
785 3691 821 3738 ut
836 3677 963 3754 ¹volunt,
994 3681 1180 3760 respondere
1194 3700 1260 3742 non
1281 3665 1336 3742 dess
1416 3683 1417 3686 ’

118 3765 120 3769 ⁴
211 3779 312 3853 crevi,
326 3791 365 3848 ot
383 3801 439 3843 vos
459 3779 537 3861 ipsi,
558 3777 584 3836 si
606 3777 707 3840 verbis
729 3778 804 3838 meis
819 3789 850 3840 et
867 3777 994 3838 consilio
1008 3779 1110 3838 velitis
1131 3781 1333 3859 acquiescere,

100 3919 106 3928 ,
207 3866 391 3958 relinquetis
413 3899 464 3939 eos
484 3879 518 3938 in
536 3896 590 3937 sua
609 3877 808 3956 loquacitate,
842 3896 941 3956 usque
966 3897 1060 3938 venas
1082 3878 1259 3956 hujusmodi
1280 3899 1334 3940 cu·
1415 3927 1416 3944 .

107 4040 111 4050 ,
178 3964 186 3974 ’
209 3976 315 4036 rabitis
338 3978 474 4060 injurias.
516 3975 606 4036 Scitis
624 3977 770 4057 scriptum
792 3995 872 4036 esse:
891 3976 995 4049 „Mihi
1020 3978 1201 4051 vindictam,
1224 3990 1256 4036 et
1277 3997 1331 4058 ego

174 4153 175 4158 ἵ
209 4075 412 4136 retribuens*
447 4075 579 4138 Reuehl.
620 4075 730 4149 Certe,
758 4076 900 4147 Erasme,
934 4085 970 4134 ut
988 4075 1093 4155 paucis
1112 4076 1221 4136 dicam.
1264 4078 1331 4158 Op-

208 4173 285 4233 time
306 4176 385 4236 mihi
405 4175 527 4238 videtur
546 4175 706 4236 consulere
725 4175 824 4234 Faber
840 4173 1045 4253 doctissimru3
1065 4176 1269 4256 proptereasi
1281 4196 1330 4238 ιιι

208 4272 311 4346 audis,
332 4294 383 4334 eos
403 4274 508 4336 missos
527 4271 684 4336 faciemus.
719 4273 869 4358 crepent,
900 4272 1075 4356 increpent,
1102 4273 1250 4348 clament,
1279 4294 1329 4337 re-
