2896 4716
139 231 274 334 *2002
549 230 954 320 'EPISTOLAE'

197 421 323 495 propter
342 431 428 474 susm
449 412 622 486 audaciam,
659 412 799 493 quamvis
819 409 915 475 nullis
936 410 1046 473 vestris
1067 411 1322 492 praecedentibus
1357 435 1375 460 ·.
1430 423 1431 468 t

197 511 362 575 demeritis.
404 512 466 573 Sed
484 531 589 593 spero,
611 511 694 592 quod
715 511 807 572 etism
827 511 906 600 bene
924 509 1120 570 confunderis
1141 532 1228 570 eum:
1250 513 1323 591 quis
1430 523 1431 576 ζ

197 612 249 672 bio
264 611 417 672 Dominus
430 613 575 690 Magister
586 595 700 672 ¹noster
712 612 896 691 Hogstreten
912 609 997 670 ,dixit
1017 609 1111 685 mihi,
1133 611 1217 689 quod
1232 631 1323 669 causa
1430 617 1431 692 ,

193 733 252 774 suc
273 712 437 784 benestst,
459 720 489 770 et
500 709 583 790 quod
598 709 695 788 debeo
706 709 766 770 boo
783 708 872 784 robis
887 709 1029 770 scribere.
1059 709 1178 770 Veletc.
1198 707 1321 770 Romae

197 811 312 872 datum.

415 941 599 1034 Fridericus
622 972 737 1032 Glauce
753 975 801 1033 M.
825 973 959 1032 Ortuino
984 971 1104 1032 Gratis.

280 1105 573 1188 Salutispnmulum,
596 1105 785 1167 honorabilis
806 1089 869 1177 vir!
891 1105 925 1166 si
939 1124 1004 1166 nou
1024 1105 1107 1166 scitis
1125 1102 1229 1186 prius,
1247 1113 1324 1164 tunc
1430 1163 1431 1184 χ

198 1204 271 1266 volo
292 1204 380 1265 vobis
400 1203 568 1266 certificare
588 1225 686 1278 nova,
724 1205 807 1283 quod
829 1203 946 1264 fuibie
966 1205 1000 1264 in
1020 1223 1221 1292 guerrarum
1246 1223 1325 1282 quo·
1430 1247 1431 1250 η

109 1339 117 1360 „·
152 1322 157 1334 ·
198 1304 266 1363 dem
289 1304 438 1378 cantore,
473 1304 527 1384 qni
548 1313 636 1385 putat
663 1323 696 1365 ss
723 1325 787 1364 esse
812 1323 957 1385 magnum
981 1304 1170 1378 Dominum,
1206 1303 1260 1361 sed
1281 1312 1327 1360 est
1430 1299 1431 1306 '

159 1386 163 1392 ‚
198 1403 299 1464 adhuc
318 1402 362 1462 its
379 1404 458 1464 bene
478 1423 597 1484 pauper
618 1402 735 1478 socius,
776 1403 856 1464 sicut
874 1422 930 1485 ego
951 1412 982 1463 et
1002 1403 1065 1462 alii.
1105 1403 1171 1462 Nos
1190 1401 1325 1488 bibimus
1430 1397 1431 1428 ³

191 1501 359 1575 insimul,
390 1501 505 1581 etipse
527 1501 616 1576 dixit,
637 1503 721 1581 quod
741 1513 891 1583 portasset
909 1501 989 1563 mihi
1013 1522 1111 1562 unum
1131 1511 1229 1562 totum
1250 1520 1327 1560 osn-

122 1614 125 1620 '
198 1601 324 1662 thurum
344 1600 524 1662 cerevisiae:
547 1609 579 1660 et
594 1620 650 1680 ego
669 1601 754 1675 dixi,
773 1601 856 1682 quod
875 1620 954 1679 uon3
984 1603 1079 1664 etita
1101 1620 1150 1662 me
1170 1601 1256 1662 Deus
1273 1598 1327 1679 ju-

88 1769 90 1779 ,
170 1687 172 1711 '
198 1711 265 1775 vet,
286 1700 369 1780 quod
389 1719 453 1759 non
472 1699 548 1772 vidi,
569 1699 651 1779 quod
671 1700 758 1760 bibit.
818 1701 909 1760 Tunc
928 1699 1014 1761 dixi:
1043 1699 1180 1766 Domine
1200 1702 1326 1776 Cantor,

199 1821 256 1880 ego
275 1820 339 1860 nou
360 1798 436 1876 vidi,
459 1799 542 1878 quod
560 1799 697 1859 bibistis:
717 1799 743 1858 si
763 1798 927 1873 vidissem,
962 1809 1036 1860 tone
1055 1799 1191 1863 libenter
1213 1801 1328 1861 vellens

121 1887 124 1890 ’
198 1884 387 1980 respondere
407 1898 512 1972 vobis,
553 1901 630 1978 quis
646 1899 747 1958 adhuc
765 1919 834 1958 sum
855 1898 1082 1980 imperterritus
1103 1905 1210 1960 contre
1229 1881 1329 1960 unuui

200 1999 381 2064 cantharum
401 1996 576 2057 cerevisiae.
633 1998 723 2068 Tunc
741 1997 875 2078 juravit,
904 1997 987 2077 quod
1010 2008 1159 2079 portasset
1177 1997 1274 2074 mibi,
1298 2006 1330 2059 et

157 2099 159 2107 ⁴
201 2097 297 2172 dixit,
317 2096 399 2178 quod
419 2096 518 2166 debeo
536 2096 651 2156 bibere.
710 2095 884 2177 Respondi:
911 2097 1035 2158 Portete
1056 2097 1133 2158 mihi
1153 2099 1271 2172 uuum,
1299 2107 1332 2158 et

201 2197 314 2258 iccium
334 2193 422 2258 vobis
444 2213 595 2274 aequum:
615 2205 689 2254 tunc
711 2194 807 2268 dixit,
828 2181 912 2274 qnod
932 2206 1082 2278 portasset
1100 2197 1189 2272 mihi,
1209 2206 1241 2257 et
1255 2215 1331 2278 ergo

203 2316 298 2356 essem
322 2293 350 2353 ei
371 2293 546 2354 satisfecere
563 2295 734 2356 obstrietus.
775 2293 952 2376 Respondi,
988 2295 1071 2374 quod
1095 2316 1159 2356 non
1179 2291 1263 2368 vidi,
1300 2305 1333 2356 et

203 2397 303 2478 posito
324 2414 403 2468 casu,
425 2393 508 2473 quod
526 2393 688 2467 vidissem,
711 2403 813 2454 tamen
832 2413 897 2453 uon
919 2403 1043 2455 tenerer
1061 2395 1108 2470 ei,
1131 2406 1163 2454 et
1183 2393 1222 2454 de
1239 2395 1330 2480 nullo

202 2495 271 2576 jure
292 2504 392 2574 potest
411 2513 461 2551 me
483 2513 592 2572 cogere
613 2492 651 2553 sd
671 2492 860 2568 bibendum,
878 2493 1001 2572 quando
1021 2513 1087 2554 uon
1105 2494 1187 2556 volo.
1215 2528 1219 2534 -
1240 2492 1332 2554 Dixit

203 2594 277 2654 ille:
299 2593 362 2652 imo
383 2613 507 2672 possum
526 2611 582 2652 vos
604 2611 720 2671 cogere.
760 2590 934 2672 Respondi:
963 2591 1018 2652 ubi
1032 2591 1092 2652 boo
1110 2591 1251 2672 legistis?
1281 2591 1333 2652 di-

205 2692 252 2752 xit
274 2693 308 2751 iu
330 2693 351 2750 l.
375 2694 492 2752 vinens
507 2691 547 2772 ff.
580 2692 634 2765 ,Si
657 2702 774 2749 certum
787 2701 926 2768 petatur.
985 2691 1159 2771 Respondi:
1180 2709 1236 2752 vos
1256 2691 1333 2750 alle-

205 2791 281 2872 getis
302 2790 381 2850 mibi
401 2791 491 2863 iure,
519 2808 575 2868 ego
595 2807 660 2848 nou
679 2810 747 2851 suns
767 2789 895 2864 sarissa,
921 2788 977 2851 sed
996 2791 1070 2850 volo
1090 2791 1178 2854 vobis
1197 2789 1335 2852 interro-

206 2909 279 2969 gare
298 2889 438 2968 desuper.
475 2889 538 2952 ,Et
564 2887 608 2946 sie
626 2887 707 2950 solvi
733 2887 859 2949 sechem
889 2900 919 2947 et
944 2888 1072 2962 recessi,
1102 2883 1138 2948 'et
1157 2888 1237 2948 dixit
1256 2889 1334 2978 ipse,

134 2995 166 3062 ‘‚
207 2988 290 3067 quod
312 3006 469 3066 nunquam
489 2986 524 3046 in
552 2987 617 3048 vita
644 3009 699 3048 sue
718 2989 813 3049 vellet
834 2986 914 3046 mihi
931 2996 1055 3067 portare
1076 2988 1205 3068 aliquid.
1268 2989 1335 3048 Re-

207 3087 332 3166 spondi:
372 3081 539 3144 dimittatis.
601 3086 653 3146 sie
672 3096 717 3146 est
737 3087 871 3160 factum,
897 3087 980 3166 Meg*
1010 3105 1045 3146 er
1064 3088 1206 3148 Ortuiue.
1267 3085 1336 3146 Vos

209 3187 301 3244 etiam
329 3181 386 3265 per
415 3184 603 3246 eontrarium
636 3183 759 3246 scribite
792 3185 872 3246 mihi
901 3203 982 3244 nova
1007 3206 1040 3259 a,
1081 3195 1112 3246 et
1138 3187 1240 3247 valete
1269 3193 1336 3246 tom

209 3284 281 3359 din,
321 3285 421 3344 donec
439 3302 520 3345 unus
540 3303 644 3364 passer
659 3284 811 3366 ponderet
829 3293 951 3346 centum
973 3283 1076 3346 libres.
1125 3285 1242 3346 Dstum
1261 3285 1336 3346 Mo-

209 3383 345 3444 nestorii.

175 3589 179 3596 ·
212 3549 249 3608 F.
267 3547 373 3606 Simon
393 3547 519 3615 Worst‚
540 3531 654 3606 Sacrae
677 3548 856 3626 Theologs'ae
873 3547 1008 3623 Ductor,
1028 3550 1076 3610 M.
1101 3545 1233 3640 Ortoino
1252 3548 1337 3608 Gru·
1430 3573 1431 3584 ¹

670 3650 714 3706 tio
736 3650 875 3706 salutem.

295 3783 459 3862 Postquam
485 3781 572 3844 venit
596 3779 658 3840 buc
683 3780 822 3840 defensio
850 3781 976 3842 Josnnis
1005 3779 1205 3844 Pfcfferkorn
1229 3792 1339 3842 contre

213 3881 362 3956 fumosas,
384 3891 474 3960 quam
495 3877 667 3959 composuit
686 3877 718 3940 in
743 3880 871 3953 Latino,
893 3900 1016 3960 semper
1035 3880 1123 3940 omni
1143 3881 1194 3941 die
1213 3879 1340 3940 audivi-

112 4038 119 4054 ,
209 4000 284 4056 *mus
303 3979 355 4038 hie
374 3998 472 4056 novs3
491 3999 573 4039 unus
593 3976 669 4036 dicit
687 3977 748 4053 sic,
769 3979 847 4040 elius
866 3977 925 4038 sic:
944 4001 1026 4040 uuus
1045 3992 1090 4040 est
1109 3999 1167 4061 pro
1189 3999 1237 4053 so,
1259 3979 1340 4038 elius

214 4097 273 4158 pro
292 4077 466 4156 Reuchlin3
501 4097 582 4138 uuus
602 4075 743 4138 defendit
764 4097 868 4152 eum,
890 4061 1107 4160 slius'culpst3
1143 4088 1174 4139 et
1195 4088 1342 4156 estmag-

216 4195 292 4235 num
313 4184 484 4250 certamen,
516 4185 547 4236 et
565 4175 677 4258 volunt
701 4175 836 4238 invicem
855 4187 1015 4258 percutere
1034 4185 1076 4238 se.
1138 4175 1173 4237 si
1186 4175 1344 4246 debean
1370 4243 1373 4249 ,
