2872 4722
209 319 265 386 138
495 363 498 370 ψ
566 315 970 380 EPIST-OLAE

203 492 236 540 et
255 474 403 562 probavi,
432 473 516 556 quod
535 474 671 556 ipsorum
695 473 747 534 lex
767 493 824 555 per
844 471 1002 534 Christum
1022 482 1101 534 esset
1120 479 1263 545 sanata,
1286 479 1334 528 at·

202 600 262 661 que
283 576 368 658 quod
388 574 558 655 expectatio
580 574 718 654 ipsorum
751 571 790 632 de
810 574 923 634 Massia
942 585 1019 633 esset
1039 593 1116 632 una-
1133 589 1218 630 mera
1239 567 1335 628 frasta

202 691 233 740 et
252 676 431 760 phantasia,
451 695 486 734 ac
506 693 600 754 super
619 671 679 732 hoc
699 673 829 750 allegavi
848 669 887 732 D.
907 675 1055 733 Ioannem
1078 669 1278 732 Pfefferkorn
1299 667 1334 725 iu
1414 683 1415 690 ¹

202 778 341 841 Colonia.
387 775 441 836 Illi
462 795 538 836 vero
556 774 709 846 riserunt,
731 772 955 852 dixeruntque:
974 773 1086 830 Vester
1098 772 1231 830 loannes
1243 761 1335 826 Pter-

202 879 334 941 ferkorn
362 877 396 936 iu
423 873 555 936 Colonia
584 881 629 931 est
665 893 746 932 unns
774 871 921 952 pessimus
948 871 1096 943 trufator,
1124 867 1204 928 nihil
1223 865 1280 926 scit
1300 867 1335 924 iu

200 979 363 1042 Hebraeo:
403 975 470 1055 ipse
492 975 591 1034 factus
614 981 659 1030 est
679 971 892 1045 Christianus,
922 982 958 1030 ut
977 989 1065 1030 suam
1085 967 1255 1047 nequitiam
1281 985 1334 1024 oc-

202 1079 341 1138 cultaret.
403 1072 537 1148 Quando
566 1069 628 1130 fuit
656 1070 757 1130 adhuc
785 1071 918 1130 Judaeus
936 1069 970 1128 in
991 1070 1153 1142 Manavia,
1185 1064 1335 1145 percussit

201 1195 295 1240 unam
317 1170 481 1233 mulierem
501 1171 536 1229 in
551 1169 681 1243 facicm,
718 1171 802 1250 quod
829 1189 893 1230 non
913 1169 1016 1249 potnit
1035 1167 1144 1228 videre
1164 1166 1197 1225 in
1219 1163 1334 1236 baucis,
1417 1161 1418 1198 ³

200 1276 254 1338 ubi
277 1281 437 1344 mutantur
454 1268 583 1343 florent,
621 1281 652 1329 et
678 1270 796 1350 aceepit
817 1270 887 1349 plus
909 1291 1000 1350 quam
1021 1252 1169 1328 ducentos
1188 1263 1333 1335 florenos,
1418 1326 1419 1336 p

201 1371 376 1454 anfugiens.
437 1367 478 1427 Et
497 1369 533 1426 in
555 1368 616 1428 alio
637 1369 725 1443 loco,
760 1380 888 1449 propter
912 1391 1003 1429 suum
1031 1369 1170 1438 furtum,
1205 1363 1268 1424 fuit
1289 1362 1334 1420 ibi
1418 1345 1419 1364 ¹

201 1483 338 1538 erectum
359 1466 552 1550 patibulum3
586 1469 691 1530 nescio
712 1468 867 1548 quemodo
887 1467 950 1528 fnit
970 1469 1133 1530 liberatus:
1173 1482 1231 1522 nos
1250 1461 1334 1520 vidi·

201 1595 270 1634 mus
287 1567 481 1651 patibulum,
502 1575 534 1624 et
553 1565 645 1625 multi
666 1565 836 1627 Christiani
854 1566 1017 1641 viderunt,
1043 1565 1134 1652 etiarn
1155 1561 1252 1641 aliqui
1272 1581 1333 1620 no·
1419 1591 1420 1606 ÷

200 1672 339 1742 bilistae,
360 1685 437 1746 qum
458 1685 621 1748 possumus
639 1665 729 1727 vobis
752 1665 934 1727 nominare:
973 1676 1137 1748 propterea
1156 1683 1220 1726 non
1241 1661 1335 1721 debe-
1420 1734 1421 1746 χ

201 1773 241 1832 tis
262 1767 340 1829 mihi
359 1765 493 1845 allegare
513 1763 605 1824 istum
632 1765 744 1826 furem.
808 1768 899 1826 Tune
927 1785 982 1848 ego
1009 1767 1059 1826 sui
1083 1765 1196 1837 iratus,
1232 1771 1263 1820 et
1283 1780 1335 1820 re-

177 1870 329 1953 spondi:
372 1863 552 1926 Mentimini
578 1864 612 1922 in
641 1853 755 1925 cellum
784 1877 953 1949 vestrum,¹
977 1885 1032 1926 vos
1059 1865 1183 1946 pessimi
1214 1860 1333 1933 Iudaei,

202 1970 264 2032 nisi
286 1965 439 2028 haberetis
458 1963 673 2044 privilegium,
698 1983 754 2043 ego
776 1967 890 2026 vellem
909 1985 966 2026 vos
987 1966 1134 2026 crinisare
1155 1973 1187 2022 et
1204 1963 1240 2020 in
1254 1970 1334 2020 ster-

203 2090 256 2130 cus
278 2065 438 2147 projicere.
503 2064 567 2123 Vos
588 2061 690 2121 dicitis
712 2062 785 2122 talia
806 2085 846 2123 ex
867 2064 939 2124 odio
961 2065 995 2124 in
1016 2065 1055 2124 D.
1073 2066 1222 2124 Ioannem
1243 2058 1335 2122 rtet-

203 2169 344 2230 ferkorn.
383 2165 452 2244 Ipse
482 2172 542 2222 est·
556 2162 655 2220 bonus
676 2173 708 2220 et
734 2162 854 2222 zelosus
873 2161 1084 2237 Christianus,
1111 2163 1191 2222 sicut
1209 2170 1255 2220 est
1274 2160 1335 2218 ali-

203 2266 272 2346 quis
294 2263 327 2322 in
348 2261 487 2321 Colonia.
551 2262 616 2340 Ego
637 2260 735 2320 babeo
757 2263 966 2341 experientia,
988 2263 1061 2342 quia
1081 2261 1211 2322 multum
1236 2258 1334 2320 confi-

202 2375 285 2425 tetur
305 2361 343 2420 nd
361 2351 590 2422 Praedicatores
615 2381 685 2420 cum
707 2381 805 2421 uxore
829 2382 902 2421 sna:
944 2363 1031 2422 audit
1058 2363 1193 2423 libenter
1216 2359 1334 2430 Missas,

203 2475 235 2526 et
257 2459 380 2542 quando
402 2460 551 2520 Sacerdos
566 2459 666 2520 elevat
686 2459 919 2533 Eucharistiae,
940 2471 1014 2522 tune
1035 2461 1145 2544 aspicit
1164 2457 1333 2529 denotaris,

204 2577 235 2625 ct
257 2583 321 2624 riou
348 2559 434 2620 videt
462 2559 496 2622 in
525 2569 656 2634 terram,
687 2559 768 2622 sicut
795 2559 855 2621 siti
882 2559 1031 2639 objiciunt
1050 2561 1100 2621 sui
1120 2559 1239 2632 invidi,
1274 2558 1336 2618 nisi

203 2662 326 2744 quaudo
349 2657 476 2739 expuit:
505 2658 559 2718 sed
580 2659 639 2718 boe
659 2659 734 2720 facit
753 2680 812 2740 pro
834 2680 888 2735 eo,
915 2660 988 2740 quia
1008 2671 1053 2720 est
1072 2661 1200 2722 multum
1222 2659 1337 2738 phleg-

204 2764 360 2832 maticus)
393 2767 431 2822 ct,
451 2778 541 2816 mane
571 2758 703 2818 comedit
735 2759 920 2820 medicinam
948 2761 1142 2839 pectoralem.
1203 2759 1335 2831 Putatis,

204 2862 288 2941 qnod
309 2856 448 2934 Magistri
476 2859 574 2917 nostri
602 2858 636 2916 in
665 2853 798 2918 Colonia
825 2867 857 2916 et
884 2859 1117 2941 Burgirnagistri
1146 2868 1217 2920 sunt
1236 2859 1336 2930 stulti,

205 2960 259 3040 qui
292 2960 434 3018 fecerunt
468 2976 540 3015 eum
569 2956 803 3038 hospitalarium
835 2958 959 3037 majoris
992 2959 1168 3040 hospitalis,
1211 2977 1336 3018 necnon

204 3065 450 3120 nrensuratorem
467 3057 555 3125 salis,
576 3057 660 3136 qood
680 3066 762 3116 certe
782 3077 975 3138 nequaquam
993 3059 1152 3132 fecissent,
1173 3057 1235 3118 nisi
1257 3065 1337 3116 esset

204 3161 302 3222 betrus
324 3143 510 3218 Catholieus.
550 3156 631 3218 Dico
652 3155 747 3230 vobis,
769 3157 853 3236 quod
874 3159 946 3218 volo
968 3160 1072 3219 omnia
1092 3161 1167 3219 talia
1178 3157 1335 3218 sibinun·

204 3259 297 3330 tiore,
334 3254 416 3334 quod
437 3264 536 3334 potest
565 3255 732 3316 defendere
759 3256 1040 3337 bonnamicum,
1081 3270 1112 3318 et
1132 3278 1188 3318 vos
1208 3258 1335 3320 realiter
1423 3241 1424 3244 Ἴ

205 3367 336 3429 νθκειτε,
356 3354 518 3418 scribendo
539 3353 577 3416 dc
599 3365 701 3416 vestra
719 3356 921 3418 confessione.
963 3361 1082 3420 Verum
1105 3357 1221 3430 dicitis,
1249 3356 1334 3436 quod

206 3468 250 3516 est
269 3453 437 3536 gratiabilis
469 3452 551 3532 apud
571 3455 746 3535 Magistros.
759 3467 879 3516 nostros
907 3467 938 3517 ct
957 3459 1227 3538 Bnrgimagistros,
1258 3476 1333 3535 pre-

205 3566 274 3636 pter
295 3575 381 3612 suam
402 3554 569 3637 formosam
590 3575 729 3614 uxorem.
771 3557 840 3615 Hoc
861 3575 925 3616 nen
944 3566 991 3617 est
1012 3577 1140 3618 verum:
1159 3577 1230 3617 nem
1250 3553 1334 3615 Bur-

205 3654 373 3735 ginragistri
393 3653 507 3712 habent
527 3663 589 3714 snet
608 3653 753 3732 pulchras
770 3675 900 3728 uxores,
922 3649 968 3720 'et
988 3657 1129 3742 Magistri
1149 3655 1247 3716 nostri
1268 3675 1333 3718 non

206 3765 316 3814 curant
337 3751 499 3826 mulieres,
539 3763 569 3814 et
589 3773 747 3834 nunquam
770 3765 814 3814 est
834 3754 991 3830 auditum,
1029 3756 1113 3836 quod
1131 3754 1241 3836 aliquis
1261 3757 1332 3814 Ma-

207 3855 300 3934 gister
320 3864 424 3911 noster
445 3850 705 3913 fuissetadulter.
755 3853 825 3934 lpsa
841 3875 916 3914 vero
938 3862 983 3913 est
1004 3855 1047 3915 ita
1066 3857 1195 3918 honesta
1216 3863 1332 3913 matro-

207 3973 261 4025 na,
283 3950 360 4012 sieut
389 3959 434 4009 est
460 3972 523 4016 nna
548 3952 582 4012 in
612 3951 754 4012 Colonia:
795 3954 890 4013 vellet
909 3955 1056 4016 libentius
1079 3977 1176 4016 uniam
1198 3955 1332 4024 oculum,

206 4071 299 4134 quarn
327 4049 440 4112 bonam
469 4053 584 4114 famam
610 4052 750 4132 perdere.
810 4053 851 4112 Et
881 4073 937 4132 ego
962 4075 1054 4134 saepo
1083 4055 1191 4115 audivi
1222 4054 1261 4114 ab
1287 4071 1332 4122 ea,

206 4149 289 4234 quod
310 4147 428 4211 audivit
450 4149 630 4230 frequenter
650 4173 669 4216 a
686 4171 742 4212 aua
756 4163 871 4227 tnatre,
891 4155 974 4235 quod
995 4154 1057 4215 viri
1078 4152 1271 4234 praeputiati
1283 4151 1332 4210 fa-

201 4249 294 4312 'cinut
325 4246 473 4312 foeminis
501 4249 649 4330 majorem
675 4252 884 4334 voluptatem,
928 4273 1105 4335 quamuon
1133 4248 1332 4334 praeputiati:
