2872 4722
393 321 664 418 obsculta.
712 319 940 382 VIROR.
1166 318 1227 388 159

2 479 3 494 ³
101 480 189 543 etism
209 497 300 542 snam
321 478 434 540 famem
455 495 519 538 non
539 485 679 550 curaret,
694 473 817 555 quando
838 473 900 535 nisi
919 476 1054 538 lucraret
1074 476 1226 557 pecunias,

98 582 176 640 sient
202 576 326 638 faciunt
355 595 461 636 ornnes
489 574 606 636 Judaei.
664 577 706 638 Et
734 572 857 656 quando
883 572 964 649 vidi,
1006 575 1090 656 quod
1118 597 1226 639 eorum

99 688 184 738 erant
202 676 276 757 plus
296 695 388 756 quarn
409 694 569 762 meorum,
601 684 676 736 tunc
695 693 751 756 ego
772 671 870 745 rabiei,
906 672 960 732 scd
986 674 1034 734 fui
1053 673 1144 734 valde
1164 674 1227 735 ira-

100 790 163 851 tas,
182 774 269 856 qnod
289 774 357 854 ipse
376 772 520 834 nonfuit
548 775 646 836 solus:
689 793 744 854 ego
768 771 882 834 vellem
904 771 1060 832 diabolum
1079 771 1227 853 posuisse.

99 875 215 936 Velete.
236 873 354 933 Datum
368 893 408 932 ex
423 872 614 956 strastburg,
635 872 726 936 Feria
743 880 852 953 quatu
866 879 935 952 post
956 871 1081 935 Festum
1088 871 1119 932 S.
1129 873 1227 934 Bern-

99 972 209 1048 berdi,
233 973 328 1036 Anno
344 970 528 1034 taum

99 1133 230 1196 Iacobus
260 1135 298 1194 de
321 1135 391 1194 alta
409 1135 548 1214 platea,
562 1131 768 1216 Septenarum
787 1150 817 1198 et
832 1135 1027 1206 liberalium,
1049 1155 1166 1193 necnon
1176 1135 1228 1192 ia-

95 1255 273 1314 genaararrs
292 1231 440 1304 Artium,
474 1247 505 1294 et
521 1240 752 1298 sacratissimae
780 1237 961 1316 Theologiae
981 1223 1148 1314 Profissor
1164 1231 1226 1291 Ιιιι-

98 1331 305 1402 milissimus,
328 1354 445 1393 necnon
465 1335 500 1393 irs
522 1335 683 1414 aliquibus
706 1335 852 1414 partibas
871 1338 907 1394 ia
930 1335 1099 1394 Germania
1118 1331 1227 1391 baere-

97 1435 236 1492 ticorum
257 1427 435 1512 Magister,
469 1433 506 1492 id
529 1447 575 1494 est
603 1427 789 1510 Corrector,¹
806 1435 940 1494 Ortaino
965 1434 1077 1493 Gratia
1094 1432 1227 1490 Daren-

162 1532 291 1610 triensi,
313 1535 349 1590 in
371 1532 500 1592 Colania
519 1537 620 1593 vitam
641 1533 783 1612 trabeas,
817 1531 956 1596 Salutem
975 1531 1012 1590 in
1030 1533 1167 1592 Domino

491 1645 595 1694 nostro
610 1629 833 1698 sassobrata.

183 1761 348 1846 Nunquam
378 1762 443 1829 tuit
469 1777 637 1851 samaras
656 1770 799 1856 rnricolis
821 1767 997 1832 dulcissima
1022 1763 1131 1846 pluvia
1147 1773 1227 1824 tem·

96 1884 181 1945 pore
203 1865 310 1945 longae
328 1865 488 1943 siccitatis,
530 1889 632 1949 neque
659 1870 706 1930 sai
733 1882 803 1952 past
822 1871 929 1951 longas
957 1866 1101 1940 nebulas,
1135 1883 1227 1943 qaam

96 1962 181 2022 mibi
201 1963 263 2024 fuir
282 1963 389 2041 litera,
423 1985 517 2046 quem
535 1968 575 2028 ad
594 1987 646 2028 me
665 1967 729 2030 buc
747 1969 878 2029 Romam
899 1963 1031 2026 misistis.
1093 1961 1227 2039 Quando

96 2081 156 2143 ego
181 2083 249 2122 eam
269 2063 351 2142 legi,
379 2075 453 2126 tanc
472 2066 522 2126 iai
540 2066 585 2128 ita
602 2067 832 2148 gaudibundus,
866 2063 949 2145 quod
969 2063 1102 2124 libenter
1122 2060 1229 2142 fleviaj

95 2181 181 2235 sem,
201 2161 274 2241 quia
293 2163 372 2222 mibi
393 2163 573 2240 videbatur,
594 2166 678 2247 quod
698 2165 759 2245 jam
780 2183 876 2226 essem
895 2164 929 2224 in
949 2159 1095 2234 Colonia,
1115 2159 1155 2238 in
1170 2158 1228 2218 do-

96 2279 150 2320 rne
172 2271 294 2336 vestra,
316 2261 441 2343 quando
459 2262 593 2326 bibimus
613 2283 736 2343 semper
754 2283 850 2324 unam
869 2261 922 2323 vel
941 2259 1016 2320 duas
1036 2267 1158 2336 quartas
1175 2255 1228 2316 vi-

95 2377 189 2433 nam,
211 2359 265 2419 vel
285 2360 469 2437 cerevisiae,
489 2372 520 2423 et
540 2361 671 2424 lusimus
690 2361 724 2422 in
742 2380 858 2438 msere3
881 2359 926 2420 ita
946 2358 1045 2418 leetns
1065 2353 1123 2414 fui.
1166 2353 1229 2412 Sed

97 2477 150 2520 vos
171 2457 288 2534 valtis,
318 2459 401 2539 quod
429 2460 543 2523 iterum
569 2460 613 2522 ita
632 2459 745 2520 faciam
765 2460 846 2522 sicut
864 2476 938 2531 vos,
969 2454 1030 2514 hoc
1044 2465 1105 2526 est,
1144 2452 1228 2532 quod

95 2576 151 2638 ego
176 2555 273 2616 etism
293 2557 473 2635 scriberem,
507 2559 583 2641 qaid
603 2558 718 2619 faciam
737 2557 845 2619 bisin
862 2557 964 2618 Roma
985 2563 1048 2615 tam
1067 2553 1177 2632 lange,
1198 2558 1230 2609 et
1284 2615 1287 2624 ,

93 2655 256 2734 quomodo
276 2655 354 2716 mibi
371 2658 531 2733 succedat,
566 2657 651 2739 qaod
674 2658 746 2721 volo
763 2655 966 2720 libentissime
988 2654 1100 2714 facere.
1141 2648 1230 2709 Scia-

92 2756 135 2816 tis
156 2773 252 2834 ergo,
281 2756 363 2834 quod
378 2778 434 2838 ego
457 2757 646 2820 adhaesum
665 2776 771 2832 mnus,
799 2756 907 2818 divina
927 2751 1104 2836 spiratione.
1166 2748 1229 2808 Sed

93 2863 219 2927 tamen,
243 2856 382 2934 quamvis
402 2877 469 2918 sum
488 2877 582 2917 sanus
600 2855 712 2932 adhuc,
730 2866 834 2918 tamen
854 2875 918 2916 non
937 2871 1006 2914 sam
1025 2852 1160 2913 libenter
1175 2848 1229 2908 bic

93 2950 132 3012 in
145 2954 262 3025 Roma,
283 2953 357 3034 qnia
375 2955 431 3016 illa
450 2975 554 3030 causa,
573 2969 702 3038 propter
721 2957 813 3036 quam
833 2975 889 3036 ego
909 2971 978 3014 susa
997 2952 1065 3026 bic,
1086 2962 1131 3009 est
1150 2948 1230 3009 milri

96 3071 184 3111 nunc
213 3053 357 3130 adversm
398 3073 455 3136 ego
487 3055 601 3116 vellem
632 3055 716 3136 quod
743 3073 903 3134 nunquam
933 3051 1115 3132 incepissem
1143 3069 1228 3108 eam:

98 3169 207 3210 ornnes
228 3150 371 3212 derident
391 3173 461 3228 me,
501 3164 532 3214 et
551 3165 666 3215 vexant
685 3174 754 3230 me,
787 3163 819 3216 et
844 3163 975 3215 noscunt
1003 3150 1057 3211 hic
1074 3147 1228 3208 Reucblin

100 3247 229 3324 melius,
248 3269 342 3330 quam
361 3249 397 3310 in
417 3252 577 3328 sinaris,
600 3266 631 3314 et
650 3253 742 3314 multi
761 3253 940 3314 Cardinales
961 3258 992 3310 et
1012 3247 1176 3327 Episcopi,
1199 3253 1229 3304 et

98 3347 252 3422 Praeteri,
287 3357 319 3410 et
347 3349 503 3413 Curtisani
529 3362 632 3413 ament
651 3373 732 3413 eura.
796 3353 831 3412 Si
849 3373 914 3413 non
935 3345 1134 3425 incepissem,
1153 3355 1229 3402 tune
1300 3335 1304 3344 ’

99 3465 197 3505 essem
217 3445 319 3507 adhuc
340 3447 377 3508 in
397 3449 544 3525 Colonia,
571 3461 603 3512 et
622 3451 815 3512 comederem
835 3460 867 3511 et
887 3448 1024 3510 biberem
1043 3443 1138 3520 bene;
1171 3458 1228 3520 ego

98 3543 199 3604 babeo
229 3544 283 3606 hie
311 3546 479 3626 aliquando
508 3548 565 3611 vix
596 3550 711 3612 sicem
735 3569 856 3630 mnam.
918 3545 984 3624 Ego
1012 3541 1104 3602 credo
1126 3540 1228 3614 efflffl’r

98 3644 182 3722 quod
203 3645 286 3704 male
313 3645 377 3724 jam
404 3648 551 3728 procedet
575 3647 612 3710 in
639 3648 800 3721 Almana,
838 3642 913 3725 quis
938 3660 994 3720 ego
1014 3659 1082 3702 snm
1100 3638 1229 3716 abrec-⁵3

100 3761 205 3804 omnes
224 3742 287 3822 jam
308 3744 448 3808 scribunt
465 3746 562 3807 libros
590 3747 626 3808 in
646 3745 820 3827 Theologis
847 3739 1016 3804 secandum
1044 3757 1135 3799 suurn
1154 3737 1229 3798 libi-

98 3851 180 3902 tum:
210 3841 272 3923 ipsi
292 3842 416 3918 dicunt,
446 3846 529 3923 quod
548 3846 693 3908 Erasmus
711 3844 935 3906 Roterodamas
954 3837 1125 3918 composuit
1146 3821 1228 3896 nibl-

99 3948 148 4000 tos
165 3949 310 4004 tractatus
332 3943 367 4004 in
385 3942 574 4025 Tbeologia3
602 3965 667 4027 ego
689 3963 754 4004 nen
779 3943 887 4017 credo,
908 3939 991 4022 quod
1011 3936 1104 3998 faciat
1124 3934 1228 3994 omnia

98 4051 192 4100 reete.
232 4039 302 4122 Ipse
331 4041 425 4102 etiam
453 4043 542 4124 prius
567 4043 601 4104 in
624 4065 688 4106 nno
708 4063 806 4125 parvo
825 4049 956 4104 tractans
977 4035 1103 4100 vexavit
1122 4033 1228 4094 Theo—

98 4135 203 4216 loges,
226 4139 340 4219 etjam
361 4135 467 4213 scribit
487 4142 690 4224 Theologice5
712 4152 757 4202 cst
770 4140 848 4202 mibi
867 4139 993 4200 miram.
1041 4132 1076 4194 Si
1097 4153 1152 4214 ego
1172 4151 1229 4193 ve-

98 4234 155 4295 nio
175 4236 216 4298 ad
236 4237 432 4316 Almsniam,
471 4253 508 4310 et¹
527 4243 598 4323 lego
626 4261 697 4304 suos
717 4241 891 4314 codicaios,
930 4245 962 4298 et
981 4233 1108 4297 invenio
1129 4249 1236 4296 unum
