2872 4722
388 320 606 383 013ch
627 321 672 384 R«.-
708 321 776 383 Ν
794 309 876 384 lto
896 323 935 384 R.
1164 321 1227 388 175

9 449 10 480 ³
83 492 156 542 lem.
201 477 268 538 Sed
286 476 418 560 potum
438 477 557 551 dicere:
578 462 663 557 Prpe
682 477 839 559 permisit,
860 477 944 560 quod
964 479 1136 560 Speculum
1151 495 1229 541 oen·

83 583 149 641 lare
171 565 268 640 debet
290 578 403 652 vendi,
424 577 553 656 legi,··'et
572 569 722 657 imprimi.
762 579 852 658 Quid
871 584 947 641 tunc
968 580 1035 640 eati
1057 579 1092 640 Si
1109 580 1229 659 permi-

85 681 141 754 sit,
164 699 240 758 ergo
263 698 328 738 nou
349 685 451 758 potent
470 675 661 758 prohiberet
704 676 777 739 Non
794 679 949 760 requitur,
978 677 1054 758 quir
1072 679 1229 739 sanctimi—
1333 744 1342 763 Ι

86 798 155 840 mnu
175 778 275 838 habet
296 787 477 858 potestatem
497 775 617 856 ligendi
639 785 670 837 et
688 777 847 858 eolueud53
881 778 913 840 et
931 785 996 838 noir
1015 778 1108 839 debet
1128 779 1229 840 corri-

87 880 134 960 gi,
153 877 231 960 quie
252 875 348 938 habet
368 875 538 956 plenariam
559 883 757 955 potestatem
786 877 839 938 hic
860 887 891 938 et
908 877 1041 959 ubique,
1069 875 1153 943 *eleut
1167 877 1229 938 eci-

88 979 127 1040 ris
147 998 189 1038 ex
206 974 391 1056 Evangelio,
415 977 487 1054 quia
507 973 693 1036 mirabiliter
713 975 784 1036 eetla
803 978 951 1040 solidatur
970 979 1006 1038 in
1028 979 1121 1039 Sacra
1142 977 1229 1038 Seri*-

87 1088 187 1157 ptura.
231 1075 297 1134 Sed
317 1094 374 1154 ego
394 1075 468 1136 volo
490 1073 624 1153 allegare
646 1074 699 1135 lue
720 1075 925 1138 Canonicum.
985 1077 1110 1153 Primo,
1142 1075 1227 1158 qnod

88 1178 170 1256 Papa
190 1174 314 1235 obtinet
332 1173 546 1254 Principatum
563 1174 657 1235 totius
672 1175 776 1250 Orbis,
790 1176 847 1236 IX.
869 1188 986 1260 quaeat.
1008 1180 1038 1238 4.
1051 1197 1119 1256 capa
1140 1177 1228 1238 Cuu'·

88 1287 133 1336 eta
152 1296 213 1357 per
232 1272 401 1334 Mundum.
442 1273 483 1333 Et
494 1281 594 1354 potest
606 1274 767 1354 'deponere
784 1275 1006 1355 Imperatorem
1017 1277 1111 1352 aolus,
1133 1277 1228 1336 etiam

86 1377 153 1436 'eine
174 1372 340 1447 Concilio,
371 1377 416 1432 ut'
429 1371 506 1432 (licit
523 1373 622 1452 glocca
643 1373 678 1432 iu
699 1373 772 1456 Gap.
794 1374 839 1432 ad
851 1376 1068 1453 Apostolieoe,
1104 1377 1142 1435 de
1156 1397 1228 1436 een-

88 1478 191 1535 trntia
207 1485 239 1533 et
254 1475 310 1532 Re.
326 1471 399 1532 lud.
440 1471 489 1531 Er
501 1470 634 1556 habetur
648 1471 688 1532 Π.
712 1485 829 1552 quaeat.
844 1473 873 1534 6.
893 1475 1074 1536 daCoetero.
1114 1477 1155 1536 Et
1167 1478 1228 1536 Pa-

88 1597 128 1656 pr
150 1581 219 1634 'non
232 1583 289 1640 ,eet
307 1571 365 1632 rub
384 1571 469 1652 lege,
489 1571 545 1630 aed
564 1571 631 1651 ipse
647 1579 691 1630 eet
710 1573 764 1636 lex
782 1573 917 1634 animata
936 1573 972 1635 in
990 1573 1100 1636 terrie:
1123 1585 1158 1636 ut
1170 1575 1229 1635 hu·-

86 1677 182 1734 betur
193 1674 230 1732 in
250 1673 338 1750 gloss.
358 1691 453 1751 super
474 1691 540 1748 cop.
559 1691 605 1732 11.
626 1671 664 1730 de
678 1671 757 1751 offic.
770 1671 841 1731 Iud.
856 1663 953 1753 deleg.
973 1675 1014 1735 Et
1032 1676 1059 1734 ri
1071 1675 1164 1756 *Papa
1183 1681 1229 1736 ert

88 1777 161 1844 lex,
184 1781 285 1852 potest
305 1771 405 1830 lacere
420 1771 502 1850 q'uod
525 1771 609 1840 vult,
631 1781 661 1830 et
682 1770 839 1831 nemiuem
858 1773 1043 1854 respiceres
1064 1775 1104 1834 Et
1118 1793 1228 1853 quam·
1324 1773 1329 1778 '

89 1873 140 1934 vie
162 1869 262 1931 semel
279 1869 357 1929 dixit
377 1871 567 1936 ito,·tameu
585 1869 691 1948 poster
701 1881 803 1951 potest
825 1873 929 1933 dicere
949 1893 1020 1933 non.
1075 1875 1116 1934 Et
1134 1874 1229 1934 debe-

87 1974 128 2034 tis
150 1971 268 2032 habere
288 1971 401 2030 bonam
423 1968 660 2046 confidentiam
686 1973 760 2050 quia
779 1992 880 2054 nuper
902 1974 1009 2034 rudivi
1031 1973 1082 2036 hic
1103 1993 1143 2034 ex
1162 1992 1228 2034 uno

88 2071 244 2135 Auditore
261 2069 377 2141 Rotae,
400 2067 455 2145 qui
475 2077 520 2128 eet
539 2067 589 2128 vir
609 2069 770 2144 notabilia,
801 2081 831 2132 el
852 2072 944 2133 hebet
966 2093 1109 2154 magnam
1132 2093 1230 2154 expe·-

89 2171 252 2256 nentium,
272 2169 358 2250 quod
378 2187 443 2226 non
466 2178 511 2226 eet
530 2170 691 2248 possibile,
714 2170 798 2250 quod
818 2171 903 2252 Papa
921 2181 1022 2250 potent
1044 2174 1228 2232 senteutiam

90 2273 163 2333 dare
183 2281 295 2331 contra
313 2288 387 2340 voe,
424 2266 497 2345 quia
517 2265 636 2330 habetis
657 2269 806 2349 optimam
828 2287 967 2345 caueam,
1005 2279 1036 2330 et
1065 2281 1111 2331 eat
1137 2289 1230 2330 causa

88 2369 174 2430 fidei.
216 2369 300 2445 Ergo
320 2377 413 2427 estote
440 2366 537 2426 fortes
558 2368 592 2427 in
615 2368 715 2448 bello;
755 2369 844 2446 quia,
877 2369 951 2428 licet
976 2367 1028 2428 ieti
1048 2369 1230 2450 phantasiae

87 2470 205 2531 dicunt
227 2467 317 2527 nobie
336 2465 448 2526 ‹leilla
469 2466 670 2542 inhibitione,
690 2465 774 2527 nihil
794 2467 911 2530 debetis
931 2467 1004 2528 (lere
1023 2489 1134 2550 cupra,
1156 2467 1231 2550 quia

86 2591 160 2631 non
180 2567 278 2627 hebet
297 2565 444 2626 effectum.
508 2565 569 2626 Sed
591 2575 777 2648 ego·spero,
821 2567 904 2648 quod
925 2567 1027 2627 statim
1046 2569 1121 2629 volo
1140 2567 1231 2628 vobio

88 2668 234 2731 seribere
256 2667 346 2726 bonae
365 2667 533 2745 novitatem
555 2667 629 2747 quia
650 2667 806 2726 Dominus
828 2665 977 2747 Magister
997 2677 1120 2742 noster,
1141 2670 1231 2728 Jaco-

88 2769 147 2830 bus
168 2767 210 2828 de
232 2753 433 2846 Hogatralen‚
455 2767 530 2828 lucit
552 2787 692 2848 magnam
713 2767 914 2848 diligentiam.
975 2769 1016 2828 Et
1043 2781 1144 2849 nuper
1170 2767 1231 2826 ha-

89 2866 160 2932 buit
181 2865 384 2940 convivium,
412 2877 443 2927 et
463 2867 609 2926 invitavit
628 2867 742 2927 multoe
763 2866 942 2927 Curtisenoe
963 2868 1122 2948 antiquos,-
1150 2868 1231 2928 bene

92 2964 372 3050 experimentalee,
396 2975 427 3024 et
443 2987 541 3026 urium
564 2966 754 3047 Scriptorum
775 2967 994 3047 Apostolicam,
1016 2968 1070 3047 qni
1091 2975 1136 3026 eat
1151 2967 1230 3030 bene
1310 2993 1313 3008 ·

91 3071 177 3130 visua
199 3065 284 3146 apud
307 3064 558 3140 Sanctissimae,
580 3075 610 3124 et
628 3065 748 3146 aliquos
769 3067 935 3128 Auditores
953 3070 1062 3129 Rotae.
1110 3066 1152 3134 Et
1172 3068 1230 3124 de·

93 3167 138 3228 dit
159 3165 206 3226 cie
229 3159 392 3224 comedere
412 3165 570 3245 perdices,
614 3176 644 3226 et
661 3161 810 3242 fasianos,
846 3177 877 3228 et
897 3169 1035 3250 lepores,
1081 3175 1111 3224 et
1131 3165 1230 3245 piecee

92 3276 253 3338 recentes,
288 3273 319 3323 et
338 3262 491 3343 optimum
513 3263 622 3325 vinum
642 3265 821 3342 conicum,
840 3281 977 3326 'necnon
992 3266 1147 3324 Graecum
1160 3305 1169 3336 ,
1199 3269 1231 3318 et

93 3367 245 3427 dixerunt
264 3369 387 3437 omnes,
416 3363 500 3442 quod
519 3363 661 3425 tractavit
681 3386 732 3425 eos
754 3375 824 3425 curn
844 3384 965 3424 summe
977 3362 1170 3433 reverentia,
1199 3368 1231 3418 et

93 3467 263 3527 dixeruntz
303 3463 366 3522 Per
385 3463 507 3537 Deum,
536 3461 594 3521 iste
615 3473 660 3524 est
679 3465 823 3525 notabilis
846 3463 1033 3541 Theologus.
1074 3460 1230 3520 Volumus

93 3585 157 3625 cese
177 3583 238 3645 pro
253 3571 343 3644 parte
362 3561 468 3642 ipsine.
532 3561 572 3621 Et
596 3563 641 3621 sic
661 3561 754 3624 habet
775 3564 887 3622 bonam
909 3560 1105 3642 sperantiam.
1168 3555 1230 3631 Sed

94 3674 217 3746 oportet
238 3660 440 3734 concludere,
462 3661 535 3742 quia
557 3661 689 3722 nuncius
711 3683 776 3723 non
798 3657 868 3723 vult
888 3668 1061 3742 expectare.
1113 3657 1229 3717 Valea-

93 3766 147 3842 fia,
162 3773 194 3824 et
212 3761 351 3824 salutetis
373 3762 452 3821 mihi
471 3781 578 3823 omnes
600 3761 764 3842 Magistros
785 3773 921 3838 nostras,
942 3771 974 3822 et
992 3756 1182 3840 Magnum,-
1199 3762 1230 3814 'et

93 3867 242 3926 Ioannem
258 3862 460 3935 Pfefferkorn
475 3860 514 3942 *)·
554 3864 673 3927 Datum
686 3864 815 3923 Romae.
893 3931 898 3940 x
1119 3863 1122 3868 ’

90 4019 302 4041 -u—-h-

160 4113 183 4183 *l
201 4117 232 4166 ln
252 4111 303 4165 der
320 4109 452 4190 Londner
467 4079 669 4180 Ausgabe'vom
687 4111 711 4162 J.
733 4143 794 4163 ....
819 4109 892 4160 steht
913 4107 989 4160 bles:
1026 4101 1148 4158 salutetis
1164 4099 1230 4157 mihi
1275 4095 1277 4100 ’

93 4216 184 4250 omncs
203 4201 363 4268 Magistros.

557 4301 765 4311 Μ
