2866 4724
192 335 286 405 '306
588 299 1004 455 srrsrouxsu

224 516 283 558 nus
303 495 337 556 in
358 493 527 557 Weidiich.
569 496 609 556 Et
629 496 689 558 eris
710 497 739 557 e'i
760 498 959 582 pegsuadere,
995 499 1077 578 quod
1098 497 1240 562 demittat
1259 505 1352 564 semel

225 596 348 656 trabere
369 595 407 679 ad
428 615 523 654 unum
547 596 639 655 altam
662 595 814 669 scholam,
843 591 922 656 sicut
940 608 970 657 et
992 619 1047 678 ego
1069 600 1139 658 steti
1161 601 1193 660 in
1215 602 1353 661 Univern

224 697 312 766 ritate
326 693 595 754 Gotechwellensi.
641 697 752 756 Velete
774 697 889 757 felices.
949 698 1065 758 Datum
1088 701 1198 780 raptim
1222 702 1352 760 Basilice

224 817 251 858 2.
273 795 342 854 Kal.
362 792 527 864 Martialis,
569 794 662 856 Anno
685 794 801 856 Christi
830 797 917 856 mille
936 798 1160 879 quadringento
1180 811 1352 880 nongento-

224 895 302 956 simo
325 896 417 953 nond.
457 920 459 928 ¹

230 990 232 996 ι
681 990 886 1020 ··---·—·s-

235 1103 240 1114 ’
303 1097 381 1157 Item
408 1093 483 1175 legit
509 1094 553 1153 eis
579 1115 676 1174 parve
696 1095 849 1154 naturalia
869 1095 1002 1176 etinter
1022 1107 1140 1157 caetera
1161 1099 1352 1179 pronuncia-

221 1196 268 1258 vit
289 1197 331 1254 eis
352 1196 390 1254 sd
412 1209 563 1275 poenam:
583 1195 627 1253 sic
648 1194 819 1266 advertate,
841 1195 924 1273 qnod
945 1196 1054 1256 vinum
1075 1210 1120 1257 cst
1140 1199 1274 1278 triplicis
1296 1221 1350 1258 na-

220 1303 318 1355 turae.
369 1293 475 1352 Primo
497 1291 572 1352 facit
591 1293 706 1352 bonum
727 1293 858 1372 sanguis.
913 1295 1056 1354 Secundo
1078 1297 1152 1356 facit
1172 1299 1267 1358 corda
1288 1299 1351 1356 lae-

219 1391 317 1455 titiae.
359 1393 466 1453 Tertio
475 1390 612 1471 “projicit
632 1392 759 1450 rusticos
780 1393 819 1450 ad
839 1377 988 1452 mercium.
1043 1397 1192 1456 Monocus
1211 1397 1349 1476 quidam,

193 1497 194 1500 ’
218 1495 263 1554 Μ.
281 1493 441 1554 Baithasar
462 1488 613 1569 Schleng,
634 1491 678 1550 Μ.’
693 1490 829 1551 Ortuino
851 1493 960 1552 Gratio
981 1494 1081 1554 Roma
1101 1495 1265 1556 Coloniam
1289 1497 1349 1554 mi-

217 1593 266 1653 sit.
324 1593 444 1651 Salutes
465 1601 586 1649 centum
609 1589 708 1648 millia
728 1590 866 1648 'sestertia
878 1633 886 1663 ,
911 1591 1079 1650 secundum
1099 1614 1211 1654 novam
1235 1593 1349 1653 Gram-

217 1691 376 1751 maticam:
410 1709 480 1749 cum
502 1687 621 1748 summa
640 1688 842 1748 veneratione
861 1709 880 1748 a
899 1699 987 1768 parte
1005 1700 1086 1749 ante.
1152 1688 1348 1752 Venerabilis

216 1793 351 1851 Domine
379 1791 441 1860 M„
479 1787 607 1868 epistola
635 1797 738 1847 vestra
762 1787 903 1846 solatiosa
934 1798 978 1848 est
1000 1788 1079 1848 mihi
1098 1801 1292 1870 praesentata
1311 1793 1346 1851 in

216 1890 295 1949 festo
316 1887 480 1960 Michaeli,
504 1895 534 1946 ct
548 1886 628 1946 'volo
648 1906 706 1966 pro
729 1907 813 1946 nunc
833 1885 919 1947 vobis
939 1889 1137 1967 respondere.
1186 1891 1247 1950 Sed
1271 1909 1345 1968 rogo

214 2008 270 2048 vos
292 1983 545 2068 praecordialiter
567 1996 598 2045 et
618 1984 817 2059 charitative,
861 1987 943 2065 qnod
963 1987 1065 2046 velitis
1088 1988 1182 2061 mibi,
1216 1991 1345 2068 quando

214 2091 344 2148 nuntius
365 2086 421 2146 istc
444 2085 482 2144 de
502 2084 554 2144 via
568 2083 707 2157 revenit,
739 2083 773 2143 in
792 2101 855 2144 una
874 2086 981 2144 saitem
1003 2103 1099 2164 parva
1126 2085 1236 2152 cedula
1254 2099 1346 2148 note·

214 2205 316 2254 scere,
359 2185 513 2264 quomodo
542 2183 652 2242 transit
677 2183 784 2257 vobis,
829 2185 1009 2265 praesertim
1041 2185 1074 2243 in
1102 2183 1158 2244 illa
1186 2185 1243 2250 lite
1272 2208 1343 2248 enm

213 2284 407 2346 Reuchliuus
427 2297 456 2342 et
473 2283 690 2357 Plefferkorn,
726 2283 780 2362 qui
800 2283 915 2344 babent
935 2285 1024 2342 ambo
1045 2305 1177 2364 nequens
1197 2296 1269 2366 post
1288 2309 1343 2347 au-

212 2405 263 2446 res
286 2373 317 2442 et
340 2384 460 2443 faciunt
484 2403 608 2463 magnas
628 2401 763 2462 guerras.
802 2384 958 2443 lieuchlin
980 2385 1054 2444 dicit
1075 2405 1176 2464 grossa
1195 2387 1292 2445 verba
1311 2397 1343 2446 et

211 2504 276 2542 non
295 2483 514 2563 intelligibilia.
574 2483 639 2561 Ego
661 2483 788 2556 audivi,
829 2483 912 2562 quod
933 2503 1007 2541 mox
1028 2485 1123 2544 abibit
1145 2487 1184 2544 sd
1203 2485 1343 2546 fiendum

148 2631 150 2642 ,
211 2583 350 2656 Doctor,
392 2583 465 2661 quia
486 2582 556 2641 vult
576 2599 640 2639 esse
661 2581 740 2640 bene
761 2579 857 2641 lectus
878 2583 911 2641 in
932 2577 1049 2656 Biblia,
1082 2585 1164 2662 quod
1193 2603 1258 2644 non
1289 2598 1341 2646 est.

211 2682 364 2743 Audimus
396 2683 448 2740 hic
476 2692 522 2740 tot
548 2682 587 2739 de
607 2681 680 2753 illo,
717 2680 804 2760 -quod
834 2701 896 2739 non
918 2692 1035 2759 possem
1060 2683 1097 2740 ad
1118 2682 1231 2762 viginti
1252 2705 1339 2744 arcus

211 2781 326 2860 Papyri
347 2780 497 2844 scribere.
519 2791 550 2838 et
572 2799 738 2839 caucasus
760 2779 820 2838 erit
839 2779 950 2838 malam
973 2779 1066 2838 finem
1088 2783 1259 2860 acquirere.
1278 2785 1338 2843 'l'e-

211 2880 281 2938 nuit
301 2900 356 2938 vos
369 2899 458 2958 saepe
474 2899 531 2958 pro
552 2880 662 2952 stulto,
684 2887 715 2938 et
737 2879 873 2938 tibisavit
891 2899 955 2950 vos,
979 2879 1061 2958 quod
1080 2899 1144 2939 non
1167 2881 1285 2942 debetis
1302 2903 1338 2942 eo

211 2978 255 3036 sic
277 2979 399 3036 mittere
419 2979 559 3048 transire.
620 2977 768 3058 Magister
787 2977 877 3037 debet
895 2966 1003 3038 tenere
1021 2999 1063 3050 se,
1084 2979 1164 3038 sicut
1183 2981 1336 3058 Magister.

211 3077 332 3136 Omnes
350 3077 474 3150 dieunt,
495 3078 578 3156 quod
599 3076 687 3137 eritis
707 3078 765 3137 lux
786 3077 896 3136 mundi
916 3076 994 3136 lieri.
1046 3075 1112 3137 Vos
1132 3079 1211 3138 bene
1230 3099 1336 3139 mane-

209 3177 280 3238 bitis
301 3197 373 3255 qrae
394 3177 469 3254 ipso.
1106 3159 1107 3162 Ἴ

292 3275 466 3352 Quaeritis,
487 3275 641 3355 quomodo
663 3273 742 3334 mibi
762 3274 863 3346 vadat,
884 3283 915 3333 et
935 3291 999 3332 non
1020 3293 1142 3354 possum
1155 3276 1244 3336 vobis
1259 3279 1334 3338 clam

34 3403 38 3414 ·
122 3353 139 3443 ⁴,
209 3375 354 3448 habere,¹
383 3377 465 3454 quod
487 3377 588 3434 adhuc
607 3376 641 3434 in
662 3377 761 3436 Roma
789 3375 884 3435 uitam
899 3373 1030 3434 trahem
1051 3385 1082 3431 et
1101 3377 1195 3454 piane
1219 3377 1333 3456 depau-

208 3485 331 3556 peratus
353 3494 438 3533 sum:
480 3475 578 3534 habeo
599 3459 763 3554 aliquando
790 3473 845 3533 vix
869 3473 983 3534 siccum
1002 3491 1114 3552 panem
1136 3483 1168 3533 et
1185 3473 1223 3534 in
1246 3487 1334 3536 noete

208 3583 280 3647 utor
299 3573 380 3631 mela
401 3569 597 3633 lectisternia.
636 3572 804 3634 'Rarissime
825 3572 866 3632 fio
888 3571 1078 3645 unificatus,
1101 3573 1173 3649 quia
1188 3593 1285 3634 vocor
1297 3575 1332 3634 ad

207 3674 309 3733 nullas
330 3673 575 3733 co'nuidacitstes.
617 3675 682 3752 Ego
704 3673 750 3733 ivi
771 3691 871 3753 nuper
892 3691 949 3752 pro
975 3671 1068 3730 caseis
1096 3683 1126 3730 et
1149 3673 1332 3751 perdecem

208 3773 273 3834 dies
296 3793 359 3832 non.
381 3774 485 3854 plures
507 3791 597 3852 quam
621 3772 795 3850 quindecim
818 3771 944 3850 collegi:
979 3769 1060 3829 dixit
1080 3770 1157 3829 mibi
1179 3769 1252 3830 heri
1273 3793 1333 3831 una

207 3873 333 3951 antiqua
347 3873 470 3945 vetula,
501 3873 585 3952 quod
614 3893 695 3932 unus
726 3871 865 3930 sacerdos
884 3867 997 3928 ruralis
1026 3879 1145 3950 oportet
1164 3870 1276 3929 venire
1295 3871 1333 3930 de

204 3973 340 4051 pastoria
370 3973 447 4048 sum
489 3991 562 4052 ergo
597 3993 703 4052 spem·
726 3969 839 4037 habeb,
881 3968 974 4048 quod·
998 3980 1065 4049 post
1101 3968 1191 4027 illum
1223 3969 1331 4028 venire
1421 3971 1422 3982 *

163 4105 167 4138 ;
206 4069 328 4148 possim.
370 4071 470 4130 Habet
492 4071 666 4140 ibismultas
685 4052 792 4143 aucas,
819 4067 949 4148 juvenes
970 4077 1004 4127 et
1014 4087 1100 4128 senes
1119 4067 1260 4146 gallinas,
1276 4087 1331 4126 an-

130 4248 134 4260 .
205 4179 300 4240 teras,
331 4180 456 4246 gantas,
486 4171 571 4234 :boni
598 4169 740 4250 pisoslis,
767 4165 1034 4246 bons-coqualia,
1061 4163 1153 4227 habet
1167 4165 1262 4225 etism
1279 4165 1331 4227 ri-

205 4283 280 4324 uum
303 4265 431 4332 Cosetc.
502 4264 544 4328 l!
842 4272 843 4277 ’
