2840 4718
477 298 853 368 D'IALOGUS.
1169 295 1232 364 455

96 455 169 518 dum
189 455 340 524 vocabulo
367 475 529 540 mersisque
556 455 746 523 ceremonias
767 455 952 532 deflectunt,
982 464 1014 520 et
1031 454 1153 544 iustitio
1175 477 1229 518 ou·

94 557 155 640 piri
184 555 304 622 Christi
323 556 486 624 iustitium
506 557 635 622 ⁴addunt
659 577 779 640 corpus.
815 555 884 616 Iul.
904 553 990 634 Quid
1009 555 1134 623 tundens
1147 557 1229 618 mibi
1282 580 1315 646 '-

95 657 171 720 boui
191 659 349 740 reliquum
368 657 462 734 fecis,
482 657 511 718 si
529 678 580 718 me
599 658 738 721 nummis
757 656 863 733 exuis,
882 654 912 716 ri
928 649 1024 736 regno
1037 657 1179 737 spolies,
1199 657 1228 718 si

93 743 195 804 nudas
216 742 364 819 foenore,
384 743 412 802 si
430 741 639 824 voluptatibus
659 739 791 820 abdicas,
812 741 838 802 si
860 739 925 802 vite
945 739 1079 822 denique
1099 740 1227 821 privas?

93 846 166 903 Pet.
188 841 276 923 Quin
296 850 332 902 tu
350 839 448 923 igitur
466 841 569 924 ipsum
590 843 748 905 christum
769 840 928 902 infelicem
947 839 1144 921 pronuntias:
1172 840 1227 922 qui

94 963 166 1004 oum
187 951 266 1003 esset
285 939 426 1002 omnium
450 960 608 1018 summus,
627 941 801 1005 ludibrium
822 940 921 1002 fuctus
943 950 988 1006 est
1007 940 1163 1019 omnium;
1190 941 1226 1002 iu

93 1051 296 1124 paupertate,
318 1040 500 1110 sudoribus,
519 1041 664 1122 jejuniis,
698 1041 838 1102 infame
859 1042 956 1102 vitem
982 1061 1106 1107 omnem
1134 1061 1227 1124 pere-

94 1143 140 1222 git
148 1167 158 1204 r
179 1143 314 1224 denique
336 1151 437 1200 morte
456 1141 597 1204 omnium
619 1141 855 1224 probrosissima
875 1141 1040 1208 defunctus
1068 1150 1121 1207 est.
1162 1141 1226 1202 Jut.

92 1242 237 1303 Inveniet
257 1241 397 1310 fortasse,
419 1241 474 1322 qui
493 1241 614 1317 laudet,
637 1241 693 1324 qui
714 1241 865 1318 imitetur,
884 1241 1061 1316 neminem,
1082 1237 1132 1300 bis
1153 1261 1227 1300 sane

93 1341 294 1422 temporibus.
336 1343 407 1404 Pet.
428 1340 523 1422 Atqui
543 1341 602 1402 hoc
622 1342 725 1423 ipsum
747 1341 881 1422 denique
904 1341 1033 1403 laudere
1074 1348 1122 1401 est
1152 1338 1227 1399 imi·

92 1439 164 1500 turi
207 1441 392 1518 Quanquam
415 1438 556 1502 Christus
574 1461 640 1502 non
660 1443 749 1504 orbat
768 1461 842 1502 suos
863 1441 970 1516 bonis,
998 1439 1054 1500 sed
1072 1460 1132 1522 pro
1161 1439 1226 1500 fal-

91 1537 134 1600 sis
155 1533 245 1600 bonis
267 1539 349 1600 veris
372 1548 403 1600 et
424 1539 558 1600 aeternis
582 1513 766 1622 locupletat,
796 1549 828 1601 st
848 1561 914 1602 non
935 1539 1134 1622 locupletst‚‚
1164 1539 1228 1600 nisi

91 1637 180 1719 prius
203 1637 346 1700 omnibus
365 1639 460 1718 hujus
479 1638 589 1701 mundi
609 1641 698 1702 bouis
717 1639 873 1702 abdicatos
902 1660 937 1700 uc
950 1649 1142 1721 repurgatus,
1181 1639 1226 1700 Ut

91 1739 159 1818 ipse
177 1746 260 1800 totus
281 1748 346 1800 erat
374 1738 529 1815 coelestis,
562 1739 607 1802 itu
628 1761 740 1822 corpus
761 1759 870 1818 suum,
909 1738 971 1800 boc
993 1751 1039 1800 est
1065 1737 1226 1800 ecclesiam

92 1837 142 1898 sui
162 1837 354 1899 simillimum
377 1858 442 1898 esse
468 1839 585 1924 voluit,
606 1840 715 1916 idest,
737 1862 756 1903 u
777 1839 885 1914 mundi
906 1840 1054 1922 contagiis
1074 1839 1228 1905 alienun--

92 1959 184 1998 mum.
245 1938 374 2018 Alioqui
406 1937 461 2019 qui
482 1949 583 2020 posset
609 1961 674 2000 esse
694 1941 778 2000 idem
800 1961 871 2001 cum
892 1939 964 2014 illo,
1007 1939 1064 2021 qui
1083 1939 1170 1999 sedet
1189 1939 1225 1998 in

93 2039 206 2116 coelis,
246 2037 288 2110 si,
312 2038 445 2101 terrenis
484 2039 586 2102 adbuc
617 2040 738 2100 fecibus
763 2039 985 2122 immergatur?
1029 2039 1147 2108 Verum
1169 2039 1225 2098 ubi

91 2139 191 2200 fuerit
223 2157 386 2200 excussum
414 2139 452 2198 sb
480 2139 622 2200 omnibus
647 2139 740 2219 hujus
766 2140 878 2202 mundi
904 2138 1089 2212 commodis,
1131 2147 1226 2218 etque

90 2236 313 2316 etiampquod
328 2236 463 2319 amplius
483 2250 567 2314 est„
588 2238 757 2302 affectibus.
814 2241 904 2322 ¹'lium
926 2238 1062 2318 denique
1082 2237 1224 2300 Christus
1271 2261 1273 2265 ¹

90 2359 161 2401 sues
182 2337 317 2417 explicat
337 2359 420 2420 opes,
440 2337 635 2420 propelletis
653 2338 793 2414 mellitis,
813 2339 878 2398 imo
901 2341 997 2400 msdta
1018 2339 1087 2399 aloe
1108 2337 1223 2410 tinctis,

88 2436 302 2518 voluptutibus
325 2437 511 2512 coelestium
537 2437 719 2514 gaudiorum
740 2448 863 2518 gustum
894 2439 1051 2519 impertit,
1092 2457 1151 2518 pro
1171 2455 1224 2496 re-

87 2536 171 2597 lictis
193 2537 302 2618 opibus
319 2538 412 2620 longe
427 2538 665 2619 praestantiores
685 2535 833 2618 impertit.
873 2541 938 2600 nst.
962 2537 1070 2616 Quasi
1085 2521 1223 2606 obsecro,

87 2640 162 2697 Pet.
180 2635 226 2706 Ni
247 2647 283 2698 tu
304 2639 451 2730 vulgares
475 2657 549 2718 opes
575 2645 698 2717 putas„
712 2637 895 2720 prophetiae
914 2639 1064 2712 denum,
1103 2636 1222 2701 donum

87 2736 252 2808 scientiae,
274 2735 391 2799 donum
412 2734 654 2811 miraculorum,
683 2737 745 2798 nisi
765 2737 863 2799 vilem
883 2747 971 2820 putes
993 2737 1151 2810 Cbrismm
1171 2737 1224 2817 ip-

86 2859 174 2914 sum,
198 2857 291 2918 quesn
313 2837 450 2918 quisquis
471 2836 581 2907 hebet,
597 2837 637 2916 ,Vin
656 2835 724 2916 ipso
745 2837 880 2918 possidet
901 2837 1016 2900 omnis.
1041 2839 1218 2906 ,Postremo

85 2939 150 3010 nisi
169 2957 228 3000 nos
248 2936 301 2997 hic
321 2955 492 3018 pauperem
512 2957 603 3018 egere
630 2937 727 3006 vitum
745 2947 846 3018 putes.
907 2938 954 3009 Ite
983 2957 1106 3018 quoque
1135 2938 1222 3024 quis⁴

86 3037 159 3118 quis
175 3037 349 3108 inmundo
371 3047 416 3098 est
437 3035 595 3112 afflictior,
630 3035 691 3098 hoc
708 3038 847 3108 'uberius
873 3037 1037 3110 delicietur
1056 3037 1091 3098 in
1112 3036 1222 3098 Chris-

85 3147 136 3196 tu:
157 3155 220 3226 quq
239 3138 275 3198 in
289 3136 407 3208 mundo
427 3138 610 3218 pauperior,
641 3135 701 3202 boe
722 3137 902 3212 inlibristo
920 3137 1129 3220 locupletior,
1156 3157 1219 3216 quo

84 3236 260 3318 inmundo
281 3237 527 3312 deiectior5hoe
547 3237 659 3298 inille
681 3238 846 3314 sublimior
872 3249 902 3303 et
927 3237 1128 3311 honoratior,
1157 3254 1220 3319 quo.

84 3335 190 3404 miuus
207 3336 289 3410 uiuit
307 3335 346 3399 in
363 3336 508 3411 mundo,
537 3335 598 3396 boc
627 3339 725 3418 magis
739 3338 832 3407 ‚vivit
850 3339 884 3408 in
904 3336 1037 3400 Christo·
1098 3338 1221 3404 Verum

85 3456 158 3496 cum
179 3420 279 3504 totuin
300 3457 413 3516 eorpus
434 3457 526 3500 suum
546 3436 755 3530 purissimum.
771 3458 835 3500 esse
855 3438 969 3512 voluit,
1009 3429 1219 3516 tumprseei7
1261 3505 1265 3512 .

84 3555 148 3616 pue
161 3535 345 3610 ·.ministror,
367 3534 428 3599 hoe
458 3548 522 3611 est,
541 3537 727 3618 Episcopus,
772 3546 803 3600 et
823 3537 913 3601 inter,
927 3537 985 3604 bos
1007 3557 1069 3618 quo
1088 3536 1220 3616 quisque

84 3631 189 3714 mebor-
213 3646 276 3712 est,
318 3634 380 3702 hoe
409 3635 450 3701 sit
483 3635 607 3700 emtus
636 3636 770 3699 similior
822 3647 854 3699 et
882 3637 923 3698 ab
943 3637 1090 3702 omnibus
1107 3635 1220 3698 mundi

84 3729 452 3816 eommunisespeditior
472 3746 503 3798 et
524 3738 729 3802 exoneration-
769 3735 862 3800 Nuue
883 3741 990 3810 contra
1003 3737 1112 3813 video,
1134 3735 1219 3812 ereum,v
1248 3788 1250 3792 .

84 3833 139 3911 qui
161 3833 286 3900 Christo
307 3836 471 3916 proximus
518 3845 623 3920 utque·
638 3836 716 3902 sdeo
736 3859 796 3919 pur
813 3836 923 3900 haberi
943 3838 1031 3913 vult,
1075 3837 1217 3919 nimium

84 3932 220 3995 inanime
240 3933 341 4002 rebus.
361 3935 582 4002 sordidissimis
597 3936 806 4012 ¹itnttsnrsum,
841 3938 1000 4020 pecuniis,
1035 3936 1219 4012 ditionibus,
1331 3955 1334 3960 '

84 4031 197 4112 copiis,
218 4031 329 4110 bellis,
351 4035 545 4112 foederibus,
566 4038 759 4118 utne-quid
776 4038 905 4104 iuterim
924 4039 964 4099 do
992 4036 1079 4100 vitiis
1105 4036 1218 4100 dicans.

84 4131 125 4192 Et
145 4138 254 4211 poetes
268 4153 345 4200 uum
371 4135 414 4200 sis
441 4135 648 4198 alienissimus
667 4159 687 4198 u
705 4135 840 4217 Christo,
861 4137 979 4201 Christi
997 4147 1101 4202 tumen
1123 4138 1217 4199 titulo
1267 4198 1270 4207 .

85 4229 125 4292 ud
144 4240 234 4295 tuum
254 4235 392 4310 abuteris
411 4238 610 4320 superbiam
631 4247 663 4300 et
679 4239 768 4302 illius
787 4249 968 4322 praetextu,
1000 4239 1067 4322 qui
1083 4251 1218 4322 regnum
