2850 4726
473 279 847 388 Einleitung.
1183 310 1224 372 55

171 462 248 525 Wir
269 459 406 522 besitzen
428 483 490 523 nur
510 460 630 544 menige
652 461 769 522 Stellen
794 481 850 524 aus
868 461 995 524 Brieleu
1015 461 1224 539 undScbril·
1259 515 1266 526 .

87 573 139 624 ten
161 564 215 621 dcs
237 561 380 634 stitture,
416 561 533 621 welche
563 560 653 621 mohs·
684 561 759 621 oder
786 559 908 622 minder
941 561 985 621 als
1014 561 1221 640 Gestindniss,
1275 545 1278 552 ‚

89 645 154 721 dass
174 681 211 720 er
229 659 376 721 Urhebar
397 661 452 720 der
473 661 582 738 Satyro
602 678 670 740 sey,
692 660 864 738 angesehen
884 660 1011 722 werden
1025 662 1160 724 konnen.
1181 663 1222 722 Es

88 759 156 820 sind
187 759 270 819 dieas
302 759 355 818 die
382 759 477 819 sehon
509 759 590 818 oben
619 757 834 840 suigezihlten
864 781 905 820 ou
932 759 1090 820 Reucblin
1120 761 1222 834 selbot,

89 859 246 932 „Multum
271 851 433 919 oneristui
455 868 509 918 eto.
533 858 579 937 (S.
594 859 658 940 36.)
676 859 794 922 sodomi
815 880 855 921 an
873 859 1087 934 Pirkhsimer,
1110 859 1222 934 „lllsm

89 957 189 1018 adhuc
219 955 390 1040 Capnionis
416 979 536 1017 causam
564 967 621 1020 eto.
644 955 682 1040 (st
710 955 871 1038 ebendas.).
933 959 1058 1020 Sodann
1077 957 1223 1020 Pirkbei-
1282 973 1284 984 ’

87 1077 168 1116 mers
190 1058 397 1135 Mitthejlung
417 1079 457 1138 an
477 1057 611 1119 Hutten:
639 1057 860 1138 ,‚--Atqui
876 1067 951 1121 otte
968 1056 1222 1138 quoquenouui-

86 1135 267 1250 hitishaim
282 1157 438 1236 intellige,
474 1156 613 1238 quamvis
635 1141 676 1217 sta
701 1157 897 1217 fortissimus.
938 1157 990 1216 sse
1006 1158 1089 1218 enim
1109 1155 1148 1216 ae
1166 1175 1223 1216 ve-

86 1256 150 1316 nali
173 1239 236 1316 illo'
251 1255 359 1334 scribis
378 1255 526 1342 Decimo,
545 1258 595 1317 'ut
614 1256 751 1316 maximo
771 1257 912 1318 dubitare
933 1253 1084 1326 ridearis,
1113 1274 1222 1342 quam-

86 1355 133 1415 vis
164 1365 257 1413 antea
285 1356 363 1414 bene
390 1375 514 1434 sperare
541 1355 678 1435 jusseris.
706 1387 749 1402 -··
767 1390 810 1404 -
827 1351 1067 1438 [Hogostratus]
1089 1353 1222 1415 ostendit

86 1454 192 1514 obiter
212 1454 325 1526 breve,
346 1462 383 1513 ut
405 1454 578 1534 appellant,
600 1455 829 1536 Apostolicum‚
848 1464 1036 1526 nontamen
1057 1452 1092 1512 in
1118 1452 1221 1512 forma

85 1552 274 1640 anthentica,
295 1571 357 1632 quo
371 1553 679 1626 excommunicantur
698 1565 849 1622 ementes,
871 1551 1040 1615 vendentes
1062 1561 1092 1611 et
1112 1551 1220 1632 legen·
1328 1550 1352 1613 ὕ

84 1661 130 1710 tes
153 1641 357 1731 obscurorum
378 1641 695 1760 virorumqopiffto'lus.
724 1647 892 1732 Mulindus
913 1652 1034 1733 igititur
1053 1628 1163 1710 titulus
1190 1659 1220 1710 et

69 1733 146 1828 'pro
167 1735 305 1809 obscuris
321 1740 404 1838 glori
420 1727 485 1808 biri
507 1727 840 1827 &rulit‘ms'e'riaenlif
869 1759 905 1815 ut
920 1727 1031 1811 ¹rursus
1049 1747 1222 1808 nebulones

85 1807 424 1928 pecuniasldilapidari
446 1837 601 1944 oogaiitis'r.
661 1852 757 1912 Plane
787 1850 871 1910 enim
885 1847 1025 1910 'confessi
1047 1855 1136 1922 suut,
1178 1815 1242 1906 obx

84 1946 186 2006 breve
204 1944 285 2036 illud
304 1947 383 2022 belle
402 1935 479 2019 arrio
499 1970 531 2008 se
552 1940 709 2034 emunctos
733 1951 833 2010 esse.“
883 1949 956 2009 Und
976 1946 1087 2009 weiter
1104 1954 1218 2006 unten:

83 2044 152 2103 Nec
173 2039 326 2121 dubites‚'
350 2035 462 2106 fratres
489 2035 577 2121 issoi,
620 2049 674 2128 qui
696 2059 727 2110 tc
755 2058 911 2110 auctorem
934 2047 1134 2107 obscurorum
1154 2063 1219 2104 esse

83 2144 259 2217 clamitant,
301 2144 392 2204 illum
415 2143 548 2224 [Ulriclr.
574 2145 903 2230 Wurtonbergensem]
933 2155 1040 2209 contra
1066 2151 1099 2204 te
1126 2142 1219 2202 insti-'

81 2263 165 2322 gare.
216 2243 303 2302 Novi
327 2243 409 2303 enim
432 2243 508 2324 quid
527 2245 669 2305 scribant.
685 2279 728 2290 -
789 2246 872 2305 Cave
891 2242 1002 2324 igitur,
1039 2261 1081 2301 ne
1109 2259 1218 2300 eorum

83 2342 217 2402 consilio
237 2341 298 2402 tibi
321 2341 447 2422 'quoque
474 2363 686 2424 percussorem
714 2342 952 2402 submittat.“·-
991 2340 1080 2400 Nach
1101 2339 1219 2400 diesem

81 2441 135 2500 dio
156 2433 357 2522 Bemerkung
375 2444 508 2502 Huttens
531 2441 564 2500 iu
585 2441 655 2506 dem
677 2441 782 2502 Briefe
804 2461 844 2500 on
863 2433 1007 2499 Erasmus
1022 2456 1095 2499 vom
1108 2447 1218 2497 21sten

77 2539 191 2600 Julius
220 2540 298 2616 ¹5¹7
330 2560 381 2600 aus
405 2541 556 2621 Bsmberg
578 2542 680 2612 (Hutt.
702 2560 774 2620 opp.
793 2542 831 2603 T·
856 2539 894 2598 11.
911 2539 971 2598 342
991 2539 1065 2617 sq.)‚
1084 2535 1145 2597 deu
1166 2534 1219 2594 die

77 2639 222 2704 meisteu
243 2633 426 2699 iibersehen:
466 2641 664 2720 Rumpuntor
683 2639 773 2699 utilia
795 2637 932 2698 obscuris
951 2636 1046 2710 viris,
1067 2636 1122 2717 qui
1143 2633 1219 2715 jam,
1316 2665 1318 2670 ·

78 2757 145 2820 qus
167 2757 227 2796 nos
248 2734 568 2824 excommunicamum
592 2740 748 2817 ingentem
768 2735 993 2798 circumferunt
1013 2735 1141 2807 bullam,
1162 2735 1219 2793 be-

79 2859 125 2898 ne
143 2837 284 2912 bullam;
304 2836 379 2916 quid
399 2836 482 2906 euim
501 2837 666 2912 tumidius,
687 2835 1014 2916 quidimbeoilliusll‘
1054 2832 1218 2894 Undend-
1329 2857 1332 2862 ¹
1364 2806 1370 2820 ..

78 2936 149 2997 lioh
180 2936 215 2994 in
244 2935 300 2994 der
327 2934 669 3016 Expostulatio‘wider
699 2937 861 3011 Erasmus,
891 2933 1059 3015 folgenden
1086 2930 1216 2996 lubalts:

81 3035 174 3094 Olim
194 3044 298 3092 autem
318 3035 430 3095 similis
450 3035 571 3114 cognita
597 3045 650 3096 tua
672 3033 758 3096 fraus
780 3044 844 3109 ost,
880 3035 986 3096 sedin
1010 3031 1217 3102 reverentiam

79 3134 128 3194 tui
160 3119 398 3194 conniventibus
428 3133 516 3193 nobis
545 3153 579 3192 ac
607 3134 640 3195 in
670 3144 827 3215 posterum
865 3133 995 3193 meliora
1023 3127 1217 3211 sperantibus

81 3234 163 3294 abiit
184 3254 220 3292 ea
247 3243 322 3291 tunc
353 3254 411 3292 neo
439 3233 473 3294 in
493 3234 731 3313 postulationem
754 3233 852 3294 venit.
888 3232 961 3292 Fuit
982 3239 1084 3292 autom
1108 3229 1217 3306 hujus-

81 3327 186 3402 modi,
207 3353 279 3392 cum
295 3341 383 3392 name
407 3343 506 3392 essent
518 3333 718 3392 obscurorum
742 3333 903 3414 epistolam
923 3329 1058 3388 maxime
1076 3327 1216 3385 omniurn

81 3432 231 3492 lauslebas
251 3440 283 3488 et
296 3429 515 3510 applaudebas,
545 3427 647 3490 autori
675 3452 773 3511 propo
799 3427 996 3509 triumphum
1023 3423 1216 3494 decernebas,

82 3531 216 3610 negabas
246 3513 383 3608 unquam
408 3525 607 3609 excogitatam
627 3525 931 3610 'compendiosiorem
952 3525 1024 3585 illos
1046 3519 1217 3582 insectandi

81 3631 168 3689 viam
180 3671 189 3700 ,
213 3628 294 3687 bano
314 3627 437 3686 demum
453 3629 600 3708 optimam
622 3649 686 3687 esse
708 3628 817 3688 initam
838 3625 1004 3696 rationem,
1026 3620 1157 3681 barbaro
1171 3616 1218 3676 ri-

83 3728 179 3790 dendi
200 3727 363 3802 barbaros3
383 3727 487 3806 itaque
498 3728 701 3808 gratulabar-is
718 3728 798 3787 hanc
817 3715 905 3786 uobis
927 3721 1117 3784 felicitatem.
1176 3693 1217 3774 tlt

83 3849 155 3887 cum
177 3825 320 3906 nondum
339 3846 470 3886 excusae
490 3831 590 3886 essent
610 3847 727 3906 nugae,
748 3837 802 3894 tna
822 3845 917 3884 manu
935 3821 1085 3902 quasdam
1101 3813 1223 3876 deseri--

83 3925 190 4000 bobas,
211 3935 248 3986 ut
270 3924 440 3999 „amiculis
454 3923 628 4005 (iuquiens)
651 3927 730 3994 meis
747 3925 782 3986 in
801 3923 943 4004 Angliam
966 3917 1126 3993 et'Gallias
1144 3915 1217 3976 mit-

83 4029 179 4114 tamf(
240 4022 348 4086 Paulo'
363 4034 432 4105 post
462 4045 532 4086 eum
555 4027 755 4088 veliementer
776 4007 962 4086 commotam,
980 4013 1227 4094 corrueres-onie=
1277 4014 1284 4031 '

84 4145 205 4186 uersam
231 4123 503 4204 Th'eoldgistarum
536 4126 745 4188 colluvionem
771 4141 806 4184 ao
828 4121 942 4180 furere
968 4117 1083 4200 ubique
1111 4114 1218 4186 irrita-

84 4235 128 4286 tos
146 4226 317 4286 crabrones
346 4233 376 4284 ct
397 4226 567 4304 perniciem
590 4223 776 4302 dominari,
794 4220 949 4300 trepidare
963 4233 1051 4282 'mox
1072 4213 1218 4296 coepisti,
