2840 4718
180 283 271 403 '452
521 332 702 395 JULIUS
748 331 1028 395 EXOLUSUS.

211 491 345 563 naimo,
367 489 464 572 copiis
485 489 746 564 instructissimis,
764 489 917 550 satellitiis
936 485 1109 570 exquisitis
1150 489 1336 552 deusser-

211 593 251 654 tis
272 589 516 664 formosissimis,
536 590 700 650 lenonibus
722 589 1027 668 obsequentissimis.‘
1049 575 1120 650 redi
1135 585 1247 664 Auro,
1267 610 1337 670 pur-

212 711 308 774 pura,
328 689 544 768 vectigalibus,
566 702 602 748 ut
622 691 729 750 nullus
746 670 856 769 reguui‘
874 707 939 748 nou
958 688 1086 748 humilis
1108 709 1144 748 ac
1163 707 1284 768 pauper
1293 687 1337 745 vi-

213 791 336 863 deatur,
372 788 399 847 si
420 783 499 848 cum
516 785 651 849 Romani
671 788 831 849 Pontificis
857 788 966 868 opibus
986 789 1178 868 strepituque
1199 787 1338 846 confera-

212 900 281 963 tur,
302 891 477 947 ncmo‘tam
493 889 687 962 ambitiosus,
703 869 784 968 quin
805 908 838 948 se
858 889 976 949 victum
997 896 1152 966 agnoscat,
1175 883 1271 946 nemo
1283 896 1338 944 taur

212 991 330 1062 lautus,
352 987 428 1068 quin
449 987 536 1046 su'am
556 989 738 1047 condemnet
758 987 982 1068 frugalitatem
1003 997 1100 1046 nemo·
1115 999 1178 1044 tam
1198 1006 1335 1044 numma-

213 1098 262 1149 tus
282 1107 340 1146 nee
356 1075 543 1161 foenerator,
565 1087 640 1168 quin
652 1085 764 1146 nostris
781 1086 920 1146 invideat
932 1085 1051 1166 opibus.
1092 1087 1189 1159 Haec,
1204 1085 1338 1164 iuquam,

136 1189 139 1194 ’
213 1197 392 1248 ornamenta
407 1195 560 1248 ettutatus
574 1197 682 1247 sumet
692 1183 775 1246 anui.
807 1189 878 1247 Pet.
896 1187 958 1244 Sed
971 1185 1065 1244 dicito
1087 1186 1175 1252 mibi,
1192 1184 1266 1262 quis
1279 1205 1340 1244 om·

211 1287 300 1348 nium
320 1287 439 1367 primus
459 1285 527 1345 istis
557 1285 744 1346 ornamentis
771 1295 803 1345 st
830 1285 1007 1365 inquinavit
1029 1297 1060 1344 st
1080 1285 1225 1344 oneravit
1245 1286 1339 1343 cccle-

212 1388 305 1460 siam,
327 1405 419 1465 quam
439 1384 580 1445 Christus
599 1386 793 1466 purissimam
813 1385 932 1466 pariter
953 1394 984 1444 et
1003 1384 1267 1464 expeditissimam
1280 1405 1339 1444 csse

212 1485 337 1548 voluit?
377 1485 441 1545 lul.
451 1484 537 1564 Quid
566 1485 650 1544 istud
679 1485 806 1546 adrem
827 1483 959 1544 attinet?
1002 1481 1101 1556 Certe,
1122 1483 1206 1562 quod
1229 1495 1276 1551 est
1293 1503 1339 1542 ca-

212 1571 286 1668 pnt,
306 1595 463 1656 tenemus,
479 1582 680 1664 possidemus,
703 1583 855 1644 fruimur:
877 1603 1052 1664 quanquam
1069 1583 1166 1656 aiunt,
1188 1585 1337 1642 Constare-

212 1690 315 1746 atnam
345 1685 500 1765 quondam
529 1683 707 1744 universam
735 1682 862 1764 imperii
888 1683 937 1743 sui
956 1683 1143 1764 majestatem
1172 1681 1207 1740 iu
1233 1682 1338 1760 Sylva-

211 1796 327 1858 suum,
362 1785 539 1844 Romanum
561 1780 761 1855 Pontificem,
797 1781 1017 1857 transfudisse,
1050 1781 1209 1862 phaleras,
1238 1800 1337 1860 equos,

212 1903 342 1957 currus,
364 1883 500 1962 galeam,
522 1881 675 1949 balteum,
688 1879 949 1960 'paludamentum
970 1881 1149 1953 satellitum,
1171 1900 1270 1953 enses,
1289 1900 1335 1938 cos

211 2003 302 2046 sonas
324 2002 450 2055 aureas,
480 1990 517 2042 ‘ct
540 1981 610 2040 auri
630 1980 754 2060 quidem
773 1981 949 2060 purissimi,
982 1981 1152 2052 exercitus,
1183 1979 1338 2040 machinas

210 2081 354 2156 bellicas,
384 2082 492 2153 urbes,
525 2099 631 2160 regua.
700 2083 772 2173 1⁹th.
809 2081 850 2142 Et
878 2090 983 2140 extant
1002 2081 1090 2140 istius
1110 2078 1339 2138 munificentiae

211 2192 295 2243 certa
316 2181 544 2242 monumenta?
585 2179 648 2237 Jul.
668 2178 782 2252 Nulla,
808 2188 932 2259 praeter
952 2180 1072 2258 paleam
1095 2199 1189 2238 uuam
1212 2178 1339 2238 decretis

133 2281 136 2284 ’
211 2281 389 2342 admixtam.
430 2283 500 2339 Pet.
525 2276 643 2338 Fabula
663 2277 801 2338 fortassis
821 2287 874 2338 est.
923 2280 988 2338 lat
1012 2279 1049 2339 Id
1068 2278 1181 2340 vel-ex
1201 2277 1339 2357 meipso

212 2379 353 2459 conjicio.
396 2377 475 2456 Quis
496 2376 580 2436 cuim
602 2396 693 2436 sanus
720 2386 784 2438 tam
805 2376 1002 2458 magnificum
1021 2377 1188 2458 imperinm
1209 2375 1338 2450 cederet,

210 2480 264 2540 vel
283 2477 386 2558 patrii
406 2476 459 2536 sed
480 2486 583 2538 tamen
602 2476 693 2537 valde
712 2476 789 2538 libet
810 2476 952 2552 credere,
989 2488 1020 2538 et
1043 2476 1172 2538 curiosis
1191 2475 1272 2536 haec
1292 2497 1339 2536 re·

211 2577 322 2638 fellsre
342 2575 524 2636 conantibus
552 2574 711 2634 silentium
742 2567 887 2656 maguum
907 2577 1001 2638 minis
1030 2577 1207 2638 indicimus
1268 2579 1340 2646 Pet,

210 2675 307 2756 Atqui
328 2675 410 2736 nihil
429 2675 531 2736 adhuc
551 2675 661 2748 audio,
682 2675 924 2740 nisimuudum.
979 2677 1044 2736 lul.
1060 2659 1117 2736 ¹Tu
1136 2675 1270 2736 fortasse
1287 2697 1340 2736 vc·

211 2790 309 2838 terem
331 2776 416 2835 illam
439 2773 598 2834 ecclesiam
620 2773 720 2833 adbuc
741 2775 894 2851 somnias,
928 2777 962 2836 in
984 2793 1045 2856 qua
1069 2786 1106 2835 tu
1125 2795 1196 2834 cum
1217 2774 1339 2836 fameli-

211 2875 256 2936 cis
276 2875 394 2954 aliquot
413 2872 573 2954 Episcopis
593 2871 742 2952 frigidum
761 2870 834 2934 saue
852 2875 1035 2938 Pontificem
1054 2875 1178 2954 agebas,
1205 2895 1338 2956 pauper-

212 2975 284 3047 tati,
299 2972 421 3046 sudori,
442 2971 602 3052 periculis,
622 2993 659 3031 ac
675 2973 762 3031 mille
782 2975 935 3036 obnoxius
948 2975 1162 3038 incommodis.
1201 2975 1270 3034 Jam
1290 2995 1338 3034 ae·

212 3083 258 3134 tas
276 3071 311 3132 in
331 3072 442 3132 melius
463 3071 664 3138 commutavit
683 3071 796 3132 omnia.
837 3074 909 3138 Alia
928 3075 1020 3154 longe
1040 3093 1194 3136 res-nuno
1217 3084 1263 3134 est
1276 3075 1338 3134 Ro-

178 3214 180 3218 s
205 3192 322 3234 ,manus
341 3171 509 3247 Pontifex:
548 3181 583 3230 tu
602 3167 728 3230 uoiuine
748 3171 900 3253 tituloque
920 3175 1071 3236 duntaxat
1093 3191 1161 3234 erus
1182 3175 1336 3236 Pontifex.

214 3271 301 3351 Quid
327 3270 354 3330 si
380 3289 465 3332 nuuc
483 3269 605 3330 videres
631 3280 678 3328 tot
703 3287 802 3330 sacras
829 3272 920 3334 aedes
946 3273 1038 3354 regiis
1072 3282 1244 3332 exstructas
1271 3274 1336 3354 opi-

189 3365 287 3446 bus,
318 3377 366 3432 tot
386 3364 502 3448 ubique
520 3367 713 3448 sacerdotum
734 3370 849 3446 millia,
882 3373 1045 3452 plerosque
1073 3391 1167 3432 ceusu
1186 3375 1338 3454 amplissi-

213 3491 283 3544 mo,
315 3481 362 3530 tot
381 3469 567 3548 Episcopus,
603 3469 698 3528 armis
725 3482 756 3530 et
782 3471 892 3550 opibus
918 3473 982 3532 suis
1008 3491 1097 3550 pares
1119 3473 1263 3552 regibus,
1294 3483 1337 3534 tot

206 3569 458 3651 splendidissima
486 3567 677 3634 sacerdotum
705 3563 832 3648 palatia,
865 3570 1032 3650 praecipue
1048 3591 1135 3632 reno
1149 3607 1153 3615 ·
1169 3572 1197 3630 si
1223 3574 1338 3644 Romae

204 3668 318 3736 ‚videas
345 3676 392 3728 tot
417 3676 604 3748 purpuratos
632 3668 827 3740 Cardinalcs,
863 3669 1037 3750 legionibus
1067 3671 1261 3732 famulorum
1284 3673 1337 3732 sti·

157 3810 161 3814 -
205 3776 316 3850 patos,
357 3774 403 3828 tot
428 3767 546 3846 equites
572 3767 733 3848 plusquam
762 3769 878 3848 regios,
920 3779 965 3829 tot
987 3771 1085 3832 mulas
1106 3771 1212 3848 bysso,
1245 3791 1336 3846 auro,
1411 3756 1412 3782 ³

213 3866 341 3945 gemmis
362 3875 483 3926 ornatas
493 3905 503 3939 ,
524 3865 642 3945 aliquot
657 3868 752 3930 soleis,
767 3869 859 3931 etiam
880 3869 982 3930 aurcis
1003 3880 1035 3930 ct
1054 3871 1207 3950 argenteis
1222 3873 1337 3930 calcea-

212 3975 270 4026 tos.
309 3967 376 4026 lam
396 3965 422 4024 si
443 3985 597 4026 summum
619 3967 801 4029 Pontificem
820 3957 1012 4049 conspiceres
1040 3970 1206 4030 sublimem
1228 3973 1264 4032 in
1282 3993 1337 4036 au·
1365 4042 1369 4048 ,

214 4083 268 4123 rea
283 4063 359 4122 sella
373 4061 508 4122 militum
528 4063 667 4127 humeris
688 4067 779 4142 vehi,
798 4066 838 4126 ad
857 4085 983 4128 mannus
1003 4080 1117 4126 motam
1137 4070 1251 4150 passim
1272 4073 1341 4130 om·'

215 4179 270 4218 ues
286 4159 463 4222 adorantes:
481 4162 510 4220 si
529 4164 691 4244 strepitum
710 4165 832 4230 audires
850 4167 1097 4254 bombardorum,
1118 4169 1146 4230 si
1164 4169 1350 4250 Quaem·

161 4265 165 4270 “
214 4255 391 4338 turbarum,
411 4259 438 4318 si
456 4261 585 4326 bombos,
603 4263 816 4342 classicorum,
851 4267 1034 4330 sifulmiua
1053 4265 1269 4334 machinarum
1290 4269 1335 4330 vi-
