2896 4716
220 327 283 392 am
512 399 520 417 ,
569 309 979 411 nr1srousn

218 487 252 544 in
273 471 396 545 Genesi.
429 485 478 544 Ει
490 485 618 566 quando
639 485 816 564 dirotano,
836 498 911 550 tuuc
928 488 1114 551 subsannant
1125 509 1194 564 ure,
1224 509 1346 554 vexan-

216 595 261 643 tes
280 586 370 644 sicut
379 593 545 644 scutonem.
587 587 652 664 Ego
671 587 802 661 vellem,
831 590 912 668 quod
933 589 1071 649 diabolus
1093 598 1282 669 percuteret
1292 612 1345 651 eos
1436 615 1437 670 ι

215 684 285 764 plag
288 705 304 743 a
324 703 392 741 ιιιιισ
373 703 448 762 ona,
482 683 561 743 sicut
580 685 756 745 scribitur
745 707 780 744 ιιι
800 685 880 748 libro
902 688 973 760 Job,
1010 706 1102 765 quem
1122 696 1181 767 pro
1202 707 1287 747 nuno
1307 689 1343 748 in
1436 709 1437 724 ³

215 783 403 862 Monasterio
424 791 530 842 nostro
545 784 674 861 legimus
695 784 734 844 ad
754 805 899 844 mensam.
948 784 1066 846 Dicatis
1078 785 1188 846 loanni
1204 787 1342 847 Pfeffer-

214 881 314 954 kern,
337 880 419 958 quod
440 879 550 942 habeat
570 883 763 962 patientiam:
786 884 865 964 *quia
885 905 986 965 spero,
1008 884 1090 962 quod
1111 886 1206 944 semel
1227 885 1341 945 Domi-

121 983 123 996 ’
213 999 272 1040 nus
297 981 384 1039 Deus
414 977 508 1039 faciet
542 981 740 1058 miraculum,
786 995 817 1042 et
850 985 979 1044 salutate
1007 1003 1078 1042 eum
1104 983 1232 1042 nomine
1248 987 1340 1042 'meo

102 1154 105 1161 Ι
211 1078 311 1137 Etiam
334 1075 449 1137 debetis
470 1077 549 1138 milri
570 1082 702 1141 salutare
724 1101 854 1142 uxorem
877 1083 957 1162 ejus,
979 1081 1148 1141 sicutbene
1164 1082 1265 1154 scitis,
1286 1079 1340 1140 sed
1436 1115 1437 1130 ι

211 1177 348 1249 occulte,
382 1186 414 1268 et
438 1176 575 1238 valeatis.
637 1179 752 1240 Datum
780 1182 912 1264 raptim,
944 1201 1009 1241 non
1030 1180 1122 1241 valde
1140 1178 1337 1261 speculative.
1436 1217 1437 1220 η

207 1267 408 1357 Ἀιιιιιιρίιι.
444 1302 448 1306 ’
557 1355 564 1369 Ι

391 1439 555 1502 Corradus
571 1445 573 1451 ’
587 1441 788 1505 Uncksbnnek
810 1447 858 1504 M.
881 1445 1014 1506 Ortuino
1038 1446 1158 1506 Oratio.

208 1684 352 1754 parentes
375 1674 437 1733 mei
464 1695 528 1735 non
556 1675 683 1736 mittunt
708 1677 786 1736 mihi
811 1677 992 1759 pecuniam,
1033 1691 1064 1740 et
1091 1690 1194 1740 tamen
1222 1677 1334 1743 sciunt,

208 1772 292 1852 quod
312 1792 376 1832 uon
395 1774 493 1834 habeo
514 1773 611 1834 urium
632 1775 773 1850 obolum,
816 1789 848 1836 et
872 1779 981 1860 scripsi
1009 1778 1038 1837 ei
1064 1779 1143 1838 bene
1162 1775 1275 1856 viginti
1293 1774 1335 1832 li-

208 1879 296 1929 teras.
339 1870 374 1928 Si
394 1893 458 1932 non
478 1873 589 1933 volunt
609 1874 730 1934 mittere
750 1875 830 1934 mihi
848 1877 1030 1956 pecuniam,
1056 1885 1131 1938 tuuc
1157 1873 1215 1955 'per
1230 1874 1332 1932 Deum

182 1961 265 2048 ¹ego
286 1969 358 2030 volo
379 1971 469 2030 aliter
489 1973 606 2046 facere,
628 1985 658 2030 et
679 1973 808 2033 credatis
828 1975 926 2050 mihi,
954 1978 1037 2056 quod
1062 1994 1163 2056 nuper
1186 1971 1282 2032 habui
1297 1970 1334 2028 iu

206 2071 384 2146 voluntate,
405 2070 488 2151 quod
507 2072 595 2130 volui
615 2091 665 2130 me
688 2073 823 2152 obligare
845 2074 903 2132 sub
920 2075 1029 2153 poeuis
1046 2074 1192 2134 Gamerae
1212 2089 1334 2131 accom-

206 2170 361 2229 modando
389 2171 465 2229 duos
492 2169 625 2234 florenos
651 2169 832 2230 Rheneuses
857 2181 910 2230 aut
930 2181 1006 2246 tres,
1041 2183 1073 2234 et
1090 2171 1192 2233 redire
1217 2170 1250 2230 in
1277 2189 1334 2248 pa-

205 2269 313 2344 triam,
350 2281 382 2328 et
401 2269 503 2328 dicere
531 2271 575 2328 cis
598 2269 777 2350 opinionem
797 2291 897 2328 meam
922 2270 966 2329 ito
985 2291 1105 2350 grosso,
1136 2270 1217 2350 qnod
1238 2268 1334 2328 debe-

205 2381 276 2429 rent
294 2378 427 2448 tangere.
467 2367 614 2427 Diabolel
644 2369 791 2442 credunt,
826 2369 996 2449 quodsum
1017 2375 1221 2450 natus'super
1239 2367 1333 2427 arbo·-

205 2487 290 2533 rem,
311 2467 364 2527 vel
384 2465 480 2524 debeo
503 2465 662 2526 comedere
684 2466 1071 2541 mammaemammal?
1100 2463 1253 2527 Diabolus
1273 2485 1332 2524 au-

205 2567 373 2638 serotine,
400 2562 427 2623 si
453 2563 549 2624 habui
571 2585 668 2624 unum
689 2565 850 2625 Garlinum
870 2565 980 2625 in'sex
1000 2565 1169 2626 mensibus:
1199 2574 1229 2625 et
1248 2583 1354 2649 seru-U

203 2685 261 2745 per
280 2661 363 2722 nihil
382 2663 518 2734 comedo,
539 2661 600 2721 nisi
621 2664 761 2738 sulatum,
783 2673 814 2723 et
835 2685 927 2745 caepe
947 2649 977 2724 et
998 2663 1114 2738 allium,
1138 2673 1168 2723 et
1184 2663 1330 2742 aliquan·

205 2764 244 2822 do
267 2781 365 2820 unum
387 2773 573 2820 monestrum
595 2761 633 2820 de
648 2761 742 2835 fabis,
764 2763 816 2821 vel
835 2757 956 2836 herbis,
983 2763 1036 2824 vel
1054 2763 1221 2844 spinaciam
1240 2779 1330 2822 more

203 2859 319 2920 Italico.
359 2859 425 2939 Ego
446 2858 625 2930 benessio,
661 2860 745 2939 quod
764 2862 887 2922 Fratres
905 2860 968 2921 mei
988 2860 1022 2920 in
1043 2862 1141 2941 patris
1163 2861 1330 2922 comeduut

202 2957 318 3039 pisces,
355 2967 386 3016 et
404 2977 492 3030 aves,
534 2967 564 3017 et
584 2958 664 3017 bona
682 2958 822 3032 fercula,
862 2969 893 3018 et
912 2977 975 3018 ιιοιι
995 2960 1128 3039 cogitant
1146 2973 1241 3040 super
1261 2977 1328 3018 me:

202 3056 329 3135 sedeo
350 3077 412 3116 ιιοιι
433 3057 506 3128 volo
528 3055 643 3117 diutius
663 3057 737 3138 pati,
759 3067 789 3116 et
810 3055 955 3116 debetis'
944 3057 1020 3137 ipsis
1039 3059 1158 3118 dicere:
1178 3069 1253 3118 tunc
1269 3077 1327 3136 ego

138 3211 143 3214 .
204 3155 295 3214 etiam
308 3156 380 3216 volo
401 3154 474 3235 dilig
459 3165 563 3216 uenter
582 3155 634 3216 hic
660 3157 775 3217 instare
794 3157 877 3238 apud
895 3157 1065 3216 Dominum
1084 3177 1205 3231 meum,
1241 3155 1327 3235 quod

201 3253 397 3334 'promovebit
416 3247 580 3334 negotium
591 3266 745 3330 vestrum,
766 3255 844 3315 sicut
863 3253 1024 3333 scripsistis
1046 3255 1134 3314 mihi.
1188 3255 1229 3314 Et
1246 3273 1326 3330 rogo

104 3369 107 3372 ·
201 3373 273 3426 vos,
296 3353 419 3432 quando
437 3362 577 3434 parentes
599 3353 662 3412 mei
681 3355 796 3414 dabunt
815 3353 996 3438 pecuniam,
1017 3355 1101 3433 quod
1119 3352 1221 3415 velitis
1244 3351 1326 3410 mihi

1436 1001 1437 1046 l

1436 1065 1437 1100 l

1436 1183 1437 1212 l

1436 1341 1437 1394 l

1436 1407 1437 1442 l

292 1575 404 1636 Nonne
429 1575 572 1636 mirabile
601 1587 663 1653 est,
693 1575 878 1642 venerabilis
898 1583 1033 1642 Domine
1052 1581 1225 1667 Magister„
1252 1577 1335 1658 quod

1436 3449 1437 3484 l

1436 3539 1437 3588 l

201 3451 332 3511 mittere.
384 3453 426 3512 Et
452 3467 523 3513 cum
544 3453 603 3512 hoc
623 3451 749 3520 mittatis
775 3452 854 3511 milri
875 3471 971 3511 uuum
993 3450 1141 3512 frustrum
1164 3452 1324 3512 decreta:

195 3551 274 3631 ,quio
293 3551 328 3610 iu
347 3560 411 3611 tota
429 3553 529 3614 Roma
548 3572 612 3611 non
633 3551 746 3610 habent
765 3552 875 3610 bonurn
896 3561 1028 3620 cretam,
1073 3551 1191 3614 etiamsi
1218 3551 1325 3612 velitis
1436 3603 1437 3608 ,

200 3651 274 3708 clare
302 3670 399 3710 unum
423 3651 576 3712 florenum
602 3669 659 3729 pro
692 3631 742 3708 ea:
781 3649 835 3707 sed
863 3648 943 3708 sicut
963 3649 1060 3725 scitis,
1095 3652 1178 3731 quod
1199 3664 1324 3732 oportet
1436 3639 1437 3658 ¹

198 3746 313 3808 habere
334 3760 462 3824 eretum,
481 3751 553 3829 quia
573 3769 640 3808 sum
659 3749 791 3828 logicus:
821 3758 851 3808 et
871 3749 992 3828 quando
1014 3750 1087 3810 volo
1103 3750 1204 3811 facere
1224 3753 1324 3830 syllo-

199 3848 347 3924 gismum,
367 3859 441 3909 tunc
461 3867 524 3909 non
544 3848 642 3909 habeo
664 3857 866 3908 atramentum
886 3868 987 3927 super.
1044 3847 1147 3908 Etiam
1167 3860 1212 3910 est
1231 3850 1324 3910 fasti·
1408 3885 1411 3894 ·

95 3945 100 3950 '
198 3945 319 4004 diosum
349 3947 451 4006 facere
478 3967 551 4008 eum
569 3957 754 4008 atramento:
794 3957 824 4008 et
844 3945 969 4006 mittatis
989 3945 1068 4005 milri
1088 3947 1163 4027 ligas
1182 3949 1323 4010 'teutoni-

190 4035 246 4102 ¹cus
267 4045 306 4132 ad
325 4045 483 4125 ligandum
504 4047 628 4128 caligas:
660 4046 733 4127 quia
751 4045 871 4106 faciunt
890 4045 934 4104 its
954 4044 1047 4104 malas
1067 4045 1144 4126 ligas
1164 4045 1199 4106 in
1218 4047 1320 4120 Italis)

152 4212 155 4218 Ι
197 4143 281 4221 quod
303 4152 346 4223 est
367 4145 516 4204 mirabile.
578 4145 670 4212 Mitto
699 4143 787 4204 vobis
813 4143 979 4203 hionnam
1002 4143 1203 4218 veronicam,
1239 4165 1322 4224 quae
1351 4193 1355 4202 .

197 4239 295 4320 tetigit
314 4243 412 4322 capita
425 4243 623 4319 Sanctorum,
638 4243 723 4303 Petri
732 4253 762 4302 et
775 4242 863 4304 Pauli
871 4286 881 4317 ,
903 4252 933 4302 et
946 4244 1056 4303 multas
1070 4243 1144 4306 alias
1156 4243 1318 4324 reliquias:

875 4471 883 4503 Ι
