2896 4716
405 304 941 416 onseunuluou.
1024 303 1111 450 '⁵
1171 352 1234 420 soe

108 519 138 573 et
157 511 244 574 mitto
266 509 355 572 vobis
375 505 473 570 unum
494 497 598 588 Agn'ui
621 507 701 580 Dei,
728 517 759 568 et
779 505 896 568 debetis
915 503 995 568 mihi
1016 507 1235 568 salutareDo-

107 609 224 670 minum
244 607 449 669 Valentinum
470 607 508 665 de
521 603 742 678 Geltersheim,
765 605 946 684 Magistrum
967 614 1107 665 nocuum
1129 606 1235 666 colen-

109 707 284 767 dissimumc
309 727 367 784 per
384 705 502 763 Deum!
539 722 594 782 ego
616 723 774 782 nunquam
795 704 838 762 ita
861 703 1027 782 potuissem
1048 701 1165 762 discere
1185 704 1234 762 lo-

109 794 221 885 gicam,
249 803 277 862 si
298 821 363 861 non
381 799 530 860 stetissem
551 799 585 858 iu
607 801 792 860 Barcaeus:
824 798 896 878 quia
917 798 1048 878 ipse'est
1067 799 1158 860 valde
1179 800 1236 860 de·

110 901 290 972 clarativus,
321 907 351 958 et
372 898 529 977 supposita
549 896 609 956 cito
631 897 774 976 capiunt,
815 897 936 975 quando
957 898 1023 976 ipse
1044 897 1127 976 legit.
1168 900 1233 959 Va·

110 998 166 1057 lete
185 997 324 1078 plurime
346 1015 419 1056 cam·
436 998 564 1056 sanitate
578 993 689 1054 mentia
710 1002 747 1055 et
760 995 904 1076 corporis.
944 995 1062 1058 Datum
1075 995 1233 1058 Romanae

111 1091 233 1156 Curiae.

190 1260 348 1338 Magister
372 1255 587 1338 Mas-quamius
608 1256 782 1320 Fotaenlsut
799 1257 854 1317 M.
877 1257 1009 1316 Ortuino
1032 1258 1152 1338 Gratia

189 1393 328 1454 Salutem
351 1411 421 1451 cum
441 1391 591 1452 servituto
611 1392 783 1466 amicabili,
804 1393 990 1453 venerabilia
1009 1392 1145 1453 Domine
1161 1393 1233 1454 Ma·

108 1491 210 1574 gister.
231 1491 319 1552 Sicut
337 1489 469 1549 scribitis
490 1489 583 1564 mihi,
604 1489 686 1569 quod
706 1489 802 1550 debeo
824 1489 983 1550 notificare
1004 1493 1091 1553 vobis
1106 1489 1145 1550 de
1155 1493 1233 1552 Ma·

107 1593 203 1674 gistro
223 1599 328 1650 nostro
349 1588 459 1648 Jacobo
489 1588 528 1648 de
553 1574 750 1667 Hogstraten:
787 1589 911 1663 scitote,
938 1588 1020 1669 quod
1034 1589 1165 1650 luriatas
1184 1591 1234 1650 fa-

107 1688 197 1750 ciunt
210 1689 241 1748 ei
262 1707 398 1766 maguam
415 1686 605 1746 instantiam:
628 1685 681 1744 sed
702 1685 782 1746 sicut
796 1707 852 1766 ego
865 1687 981 1761 audivi,
1004 1687 1143 1748 diabolus
1159 1708 1233 1748 con·-

107 1787 225 1849 fundat
251 1805 317 1858 eos,
346 1785 417 1864 quia
438 1784 528 1846 multi
546 1783 724 1846 cardinales
748 1795 819 1844 sunt
846 1806 904 1865 pro
924 1787 1028 1860 vobis,
1063 1796 1094 1848 et
1113 1787 1233 1867 praeci-

105 1903 173 1966 pue
193 1879 360 1944 cardinalis
375 1887 407 1945 S.
422 1884 540 1955 Crucis,
562 1881 617 1959 qui
641 1881 733 1942 debet
755 1881 824 1942 fieri
839 1883 931 1964 Papa,
951 1883 1073 1962 quaudo
1086 1885 1140 1946 ille
1149 1887 1233 1965 Papa

107 1983 260 2054 moritur,
282 1989 312 2041 et
333 1981 456 2055 audivi,
478 1979 560 2060 qued
583 1979 677 2040 dixit:
698 1969 763 2060 Ego
782 1981 856 2042 volo
877 1981 1045 2042 defendere
1063 1984 1154 2044 illum
1174 2005 1234 2044 uo-

107 2081 231 2141 tabilem
253 2079 447 2160 l'lrsologum
461 2081 605 2140 Jcccbum
622 2078 660 2140 de
674 2079 734 2138 alta
753 2079 854 2158 platea
874 2090 981 2140 contra
1001 2081 1166 2155 Reuchlin,
1186 2095 1234 2142 et·

107 2180 135 2239 si
153 2197 259 2238 omnes
289 2179 420 2243 Jusistae
449 2177 569 2238 inloto
591 2177 708 2236 mundo
728 2185 843 2236 starent
868 2197 925 2257 pro
947 2199 1002 2252 eo,
1041 2179 1121 2239 sicut
1139 2179 1233 2246 etiam

107 2277 212 2351 fecit,
228 2295 300 2336 cum
328 2289 432 2336 contra
453 2276 547 2334 semel
567 2276 711 2336 articulos
732 2272 840 2334 habuit
861 2275 988 2336 Petrum
1007 2277 1231 2352 Ravennatem,

107 2377 162 2456 qui
189 2375 282 2436 etiam
304 2373 431 2434 fuerunt
454 2375 586 2434 multum
614 2371 830 2444 haereticales,
869 2374 900 2431 el
927 2372 1043 2432 debetis
1070 2384 1233 2454 procerte

108 2473 242 2544 habere,
261 2471 394 2532 Domine
410 2471 559 2545 Ortuiue,
582 2471 665 2550 quod
683 2470 738 2530 ille
760 2468 931 2548 (lardiualis
944 2470 1045 2532 adhuc
1064 2475 1235 2536 confundet

107 2591 222 2632 omnes
236 2569 376 2643 Jnriataa,
399 2569 471 2650 quia
487 2579 532 2630 est
552 2570 650 2629 bonus
669 2588 727 2649 pre
740 2566 920 2648 Theologis,
950 2579 982 2630 et
1000 2580 1045 2633 est
1064 2570 1157 2632 etiam
1175 2573 1234 2633 bo-

105 2689 170 2730 nna
192 2687 252 2748 pro
272 2668 354 2747 Rege
365 2669 512 2728 Franciae
532 2678 564 2729 et
580 2668 788 2733 Universitate
812 2665 1024 2728 Perrhisienai.
1047 2721 1051 2730 .
1078 2671 1254 2751 Antiquae.

105 2768 179 2828 Rex
196 2765 346 2826 Francius
365 2768 464 2828 voluit
482 2767 586 2847 ipsum
600 2766 702 2828 facere
716 2766 840 2846 Papam.
897 2766 999 2836 Etiam
1021 2767 1095 2828 alias
1115 2767 1234 2859 habetis

83 2868 222 2956 ¹imnum
244 2884 365 2925 causam
386 2885 456 2926 cum
477 2865 547 2926 lscc.
580 2889 583 2898 ¹
607 2864 754 2943 Magister
781 2876 884 2924 noster
909 2865 1038 2928 lacobus
1059 2866 1144 2942 dedit
1162 2881 1235 2928 ante

109 2973 179 3024 ecto
200 2963 266 3023 dies
287 2983 380 3023 unam
398 2964 545 3044 pinguem
565 2962 729 3045 propinem
749 2962 817 3050 vini
830 2962 1055 3027 Refereudario
1077 2965 1234 3046 cujusdam

108 3061 300 3135 cardinalia,
325 3081 416 3140 quem
437 3083 501 3122 non
520 3062 594 3124 volo
612 3061 792 3134 nominare,
829 3060 884 3142 qui
904 3061 994 3123 debet
1016 3084 1086 3124 eum
1107 3085 1234 3146 prome-

107 3179 184 3221 vere
202 3159 285 3238 apud
304 3160 615 3229 reverendissimum,
643 3159 722 3219 sicut
740 3161 819 3220 bene
838 3159 902 3222 scit.
949 3162 1024 3222 Fuit
1044 3161 1097 3222 hic
1115 3184 1233 3238 rumor,
1309 3163 1312 3172 '

109 3257 194 3338 quod
208 3257 377 3339 Episcopus
392 3259 538 3320 Coloniae
562 3269 607 3320 est
620 3268 759 3320 mortuus
765 3300 775 3333 ,
796 3271 827 3333 et
841 3258 950 3318 Comes
974 3257 1012 3320 de
1028 3251 1110 3321 nora
1130 3262 1233 3340 Aqui·

107 3357 139 3418 la
162 3367 207 3418 est
228 3357 348 3424 electus
359 3358 394 3419 in
413 3378 530 3418 novum
544 3357 739 3438 Episcopum.
798 3357 832 3416 si
854 3367 900 3417 est
917 3377 1044 3432 verum,
1064 3368 1140 3418 tnnc
1159 3361 1233 3420 volo
1273 3385 1275 3390 ·

67 3477 70 3484 ·
107 3455 231 3531 dicere,
252 3456 334 3534 quod
354 3456 505 3517 canonici
520 3457 717 3518 colonienses
737 3463 811 3515 sunt
823 3455 928 3534 magni
948 3456 1049 3516 stulti:
1069 3457 1141 3536 quia
1153 3457 1234 3518 Poe-

107 3563 139 3616 ta
166 3563 197 3615 et
218 3554 386 3636 Episcopus
413 3556 541 3636 proprie
560 3567 634 3616 sunt
660 3555 722 3615 duo
744 3553 987 3614 conuadirtoria.
1046 3553 1149 3614 Etiam
1168 3575 1234 3618 non

109 3663 187 3715 esset
206 3654 323 3714 bonum
335 3673 399 3735 pro
417 3674 506 3716 causa
527 3653 619 3731 fidei,
640 3653 714 3733 quia
735 3647 803 3712 talis
823 3651 932 3711 Comes
953 3665 998 3712 est
1016 3672 1144 3734 magnus
1162 3653 1234 3716 fau·

106 3761 158 3814 tor
169 3753 295 3814 loannis
308 3749 475 3814 Reuchlin.
518 3753 601 3830 Quia
615 3749 695 3812 dixit
705 3749 784 3810 mihi
796 3750 920 3830 quidam
936 3750 1122 3826 Curtisanua,
1138 3752 1233 3831 quod,

108 3851 232 3930 quando
256 3871 296 3912 ex
319 3853 450 3913 Colonia
469 3852 528 3912 ivit
547 3851 586 3911 ad
613 3851 752 3923 Italiam,
785 3859 860 3909 tunc
885 3849 945 3930 ipsi
970 3848 1055 3911 dedit
1081 3849 1113 3916 ei
1138 3870 1233 3911 uuam

108 3948 297 4028 Epistolam,
317 3969 410 4031 quam
429 3949 565 4032 portavit
583 3947 695 4009 loanni
713 3947 883 4022 Rcuchlin,
905 3959 936 4010 et
957 3945 1076 4009 audivit
1095 3947 1133 4008 ab
1153 3948 1233 4024 aliia,

108 4047 192 4125 quod
221 4048 316 4108 habet
343 4033 518 4111 societatem
546 4068 618 4108 cum
647 4046 752 4107 multis
772 4045 873 4124 Poetis
900 4056 930 4107 et
948 4045 1038 4108 novis
1057 4043 1233 4126 Theologis,

105 4145 186 4208 sicut
203 4156 250 4208 est
269 4149 414 4208 Erasmus
433 4147 665 4208 Reterodamus.
706 4143 838 4223 Quando
860 4163 915 4226 ego
936 4144 986 4206 fui
1005 4145 1040 4204 in
1059 4143 1234 4225 Herbipoli,

105 4253 183 4334 tunc·
203 4245 269 4307 fuit
288 4269 368 4310 unus
383 4249 493 4322 Poeta,
516 4246 589 4328 qnia
607 4254 737 4306 vocatur
759 4244 882 4304 Ulricus
903 4247 1067 4316 liutwitus,
1089 4242 1141 4322 qui
1153 4265 1235 4302 scm·
1279 4289 1282 4296 .

1429 4317 1434 4541 l
