2872 4722
399 347 924 424 ossannvlaon.
1156 347 1216 416 125

91 505 164 568 tui.“
219 502 325 566 Diana
344 503 495 586 significat
520 505 724 568 beatissimam
745 505 906 585 Virginem
928 491 1076 582 Mariam,
1109 507 1217 570 ambu-

91 606 252 666 lanaeum
276 604 382 666 multis
401 605 573 686 virginibus
594 603 668 665 hinc
686 603 769 678 inde.
830 605 871 666 Et
898 625 972 685 ergo
993 605 1032 666 de
1052 625 1088 666 ea
1107 604 1217 665 scribi-

91 702 196 764 turin
218 702 333 762 Psalm.
372 703 497 776 „Trahe
514 725 564 764 rna
577 715 646 785 post
665 715 714 772 ta,
735 723 894 765 eumenius
915 704 950 764 in
971 703 1215 783 odoreunguem

89 812 194 864 taram
217 803 377 863 tuorum.“
433 803 510 864 Item
533 802 572 863 de
591 804 685 878 Jove,
705 802 829 884 qnando
849 801 1010 864 defloravit
1030 801 1217 862 Calistonem

90 901 267 982 virginem,
288 912 320 960 et
338 919 480 962 reversus
501 901 605 962 estad
624 901 762 977 coelum,
782 902 928 966 scribitur
941 899 1106 962 Matthia.
1131 900 1218 972 „Re-

91 1009 195 1061 vertar
216 1001 256 1060 ad
277 999 404 1059 domum
425 1021 541 1076 meam,
562 1001 646 1062 unde
668 1001 781 1062 exivi.“
844 1002 922 1062 Item
942 998 982 1060 de
1001 998 1138 1079 Aglauro
1157 1019 1215 1078 pe·

90 1098 250 1178 dissequa,
278 1117 371 1177 quam
392 1099 568 1161 Mercurius
588 1101 682 1164 vertit
700 1102 734 1161 in
755 1099 908 1182 lapidem,
943 1097 1000 1160 illa
1018 1097 1216 1178 lapiditicatio

90 1199 229 1277 tangitur
248 1196 315 1256 soh.
328 1199 379 1256 42.
418 1197 503 1272 „cor
523 1198 588 1278 ejus
607 1200 806 1262 indurabitur
822 1211 858 1260 ut
874 1195 983 1278 lapis.“
1021 1197 1110 1269 Item,
1132 1217 1216 1276 qno-

88 1296 181 1357 modo
203 1294 326 1375 Jupiter
351 1297 512 1378 supposuit
532 1299 689 1380 Europam
713 1299 866 1380 virginem
873 1341 884 1374 ,
920 1293 1013 1358 etiam
1031 1293 1162 1355 habetur
1180 1295 1215 1356 in

88 1396 185 1455 Sacra
206 1393 388 1475 Scriptura,
422 1396 506 1476 quod
532 1416 587 1476 ego
616 1399 756 1480 ignoravi
782 1396 885 1480 prius,
918 1391 992 1476 quia
1011 1394 1056 1454 sic
1075 1392 1156 1454 dixit
1176 1394 1216 1454 ad

87 1513 175 1552 eam:
221 1491 327 1569 „Audi
345 1489 428 1566 filis,
451 1496 589 1570 stride,
609 1509 640 1556 et
658 1495 775 1558 inclina
795 1515 903 1556 aurem
923 1503 1027 1567 tuam,
1048 1491 1121 1571 quia
1140 1511 1215 1552 con·
1337 1545 1352 1574 ,

86 1590 213 1672 cupivit
231 1591 302 1651 Rex
323 1589 457 1671 speciem
479 1595 595 1654 tuam.“
635 1597 711 1658 Item
730 1596 877 1668 Cadmus,
908 1609 1058 1672 quaerens
1078 1609 1215 1654 sororem

84 1710 199 1766 suam,
222 1690 302 1770 gerit
318 1710 481 1770 personam
502 1689 638 1769 Christi,
669 1694 724 1776 qni
743 1692 864 1775 quaerit
883 1711 970 1751 suam
989 1707 1143 1763 sororem,
1180 1691 1215 1752 id

85 1800 154 1862 est,
177 1788 311 1848 animam
323 1788 512 1867 humanam,
541 1805 572 1853 et
591 1792 730 1854 aedificat
749 1791 921 1865 civitatem,
952 1787 987 1850 id
1012 1798 1074 1862 est,
1106 1789 1215 1850 Eccle-

85 1889 180 1948 siam.
222 1889 273 1946 De
292 1889 444 1950 Actaeone
462 1911 537 1954 vero
547 1934 556 1966 ,
577 1892 632 1972 qui
651 1890 731 1953 vidit
750 1890 884 1951 Dianam
895 1887 1027 1961 nudam,
1052 1888 1215 1968 propheti-

85 1985 175 2051 savit
195 1984 341 2046 Ezechiel
362 2007 388 2047 c.
408 1987 455 2049 16.
473 1988 594 2051 diaeum
634 1991 734 2065 „Erae
753 1989 837 2052 nuda
859 1997 889 2048 et
909 1985 1092 2048 confusione
1110 1988 1213 2066 plena,

88 2095 121 2145 et
140 2083 274 2145 nansivi
293 2107 351 2166 per
370 2097 419 2161 te,
454 2098 484 2149 et
501 2089 567 2151 vidi
594 2092 657 2150 te.“
715 2091 757 2151 Et
776 2106 841 2149 nou
861 2098 906 2146 sat
925 2085 1041 2146 frustra
1059 2083 1093 2146 in
1112 2085 1215 2147 Poetis

87 2183 257 2264 scriptum,
281 2185 364 2264 qnod
386 2187 522 2248 Bacchas
545 2199 590 2250 est
611 2189 657 2249 bis
677 2189 817 2268 genitus,
847 2183 920 2265 quia
938 2203 996 2264 per
1015 2182 1076 2242 hoc
1095 2183 1213 2262 signifi·

88 2292 176 2344 catur
197 2281 353 2359 Christus,
382 2285 437 2365 qui
457 2285 549 2347 etiam
572 2297 616 2348 est
637 2288 684 2347 bis
704 2285 841 2369 genitus,
878 2300 942 2344 uno
960 2280 1053 2341 modo
1075 2291 1147 2342 aute
1165 2301 1214 2342 se-
1238 2286 1242 2300 “

4 2457 6 2472 ι
88 2383 175 2455 cula,
214 2393 247 2441 ct
273 2381 335 2442 alia
362 2385 432 2444 vice
452 2385 629 2446 humaniter
649 2395 680 2446 et
700 2382 874 2446 carnaliter.
912 2380 953 2439 Et
973 2379 1109 2453 Semele,
1135 2399 1214 2458 quae

87 2483 188 2544 nuuit
208 2483 380 2559 Bacchum,
408 2483 558 2564 significat
579 2485 699 2546 beatam
715 2481 894 2562 Virginem,
916 2476 1102 2538 coiciatur
1114 2477 1214 2538 Exod.

85 2601 114 2642 a.
157 2579 302 2660 „Accipe
329 2601 459 2663 puerum
484 2583 595 2658 istum,
635 2595 667 2645 ct
685 2579 772 2643 nutri
792 2577 889 2651 mihi,
930 2588 962 2636 ct
980 2595 1037 2656 ogo
1058 2575 1136 2637 daho
1156 2576 1214 2636 tibi

72 2679 266 2740 ‘mercedem
288 2683 401 2740 tnsm.“
429 2663 506 2742 Item
527 2682 632 2743 sabuli
652 2681 691 2744 de
711 2683 843 2762 Pyramo
856 2686 895 2736 ‘et
914 2673 1032 2736 Thisbe
1049 2674 1094 2734 sic
1116 2693 1214 2755 expo·

86 2779 174 2840 nitur
192 2779 357 2859 allegorice
376 2790 407 2840 et
427 2781 642 2861 spiritualiter:
682 2783 833 2862 Pyramus
852 2773 1003 2857 significat
1020 2772 1120 2838 filium
1140 2772 1213 2849 Dei,

87 2889 118 2939 et
138 2877 258 2939 Thisbe
278 2877 429 2958 siguificat
447 2863 581 2940 animam
611 2880 794 2953 humanam,
831 2895 923 2957 qnam
949 2883 1031 2935 amat
1060 2869 1212 2949 Christus,

88 2987 118 3037 et
140 2977 181 3037 de
203 2997 265 3056 qua
284 2977 430 3039 scribitur
444 2979 478 3038 in
493 2979 679 3059 Evangelio:
720 2981 849 3054 „Tuam
870 2971 967 3056 ipsius
986 2973 1119 3034 animam
1140 2993 1214 3052 per·

87 3075 231 3136 transibit
256 3076 424 3158 gladina,“
452 3077 558 3138 Lucae
578 3096 609 3138 2.
672 3076 725 3138 Sic
748 3075 864 3138 Thisbe
886 3072 1045 3134 interiecit
1061 3093 1094 3132 ac
1109 3071 1213 3152 gladio

88 3175 197 3235 amasii
208 3175 268 3236 sni.
286 3175 366 3237 Item
381 3177 420 3238 de
430 3175 580 3247 Vulcano,
594 3174 648 3256 qui
658 3175 781 3255 ejicitur
791 3175 829 3236 de
836 3175 932 3248 coelo,
945 3181 976 3232 et
984 3171 1114 3232 efficitur
1127 3169 1213 3230 clau-

88 3274 163 3347 dus,
204 3274 353 3358 scribitur
388 3275 423 3336 in
451 3273 594 3336 Psalmis:
635 3273 787 3354 „Exputsi
821 3282 913 3347 sunt,
953 3288 1013 3332 nec
1044 3273 1214 3348 potuerant

87 3375 197 3434 stere“
237 3375 323 3434 Haec
343 3384 374 3436 et
387 3375 460 3436 talia
477 3374 575 3438 multa
596 3373 690 3434 didici
711 3393 752 3433 ex
769 3367 928 3432 illolibro.
988 3366 1053 3427 vos
1066 3362 1213 3424 videretis

89 3471 255 3545 mirabilia,
274 3473 301 3532 si
322 3474 425 3536 essetis
445 3492 575 3534 mecum.
616 3471 733 3533 Et‘ista
753 3479 799 3530 est
819 3467 879 3540 ria,
900 3483 961 3544 qua
981 3462 1127 3522 debemus
1146 3469 1213 3520 atu·

88 3567 160 3628 dere
173 3568 342 3630 Postriam.
405 3572 467 3634 Sed
484 3570 615 3654 parcatis
637 3570 736 3644 mihi,
757 3565 840 3647 quod
860 3560 1027 3644 praetendo
1046 3557 1134 3637 quasi
1155 3556 1213 3615 dc-

88 3685 156 3728 cere
175 3678 310 3728 vestram
332 3666 591 3744 dominationem,
625 3670 698 3749 quia
718 3685 774 3728 vos
793 3662 875 3723 scitis
896 3661 1006 3720 melius
1025 3675 1116 3737 qnam
1137 3674 1211 3733 cgo;
1225 3671 1239 3691 ·‘

87 3768 139 3827 sed
159 3769 223 3829 foci
242 3770 278 3830 in
298 3767 378 3830 bona
398 3769 554 3851 opinione.
616 3768 681 3848 Ego
703 3762 839 3844 disposui
859 3760 926 3831 laic,
957 3755 1069 3836 aliquis
1090 3754 1124 3812 in
1144 3755 1213 3814 Tu-

87 3866 176 3948 binga
196 3868 289 3931 debet
306 3889 356 3930 me
373 3867 556 3940 certificare,
591 3864 739 3946 quicquid
757 3862 819 3942 egit
828 3861 945 3919 Doctor
962 3852 1133 3922 Reuchlin,
1168 3847 1212 3908 ita

86 3965 168 4044 qnod
186 3987 313 4047 possum
334 3990 390 4030 vos
407 3967 550 4028 cavisare.
613 3964 677 4026 Sed
695 3963 757 4043 jam
785 3956 867 4018 nihil
888 3953 973 4029 aeid
1002 3952 1076 4014 alias
1097 3947 1211 4010 vellem

89 4067 172 4125 vobis
187 4066 358 4130 nauticam.
400 4068 462 4129 Sed
474 4064 537 4146 jam
560 4063 706 4127 valetein
720 4059 867 4122 charitate
884 4075 948 4115 non
967 4051 1047 4113 ficta'.
1098 4048 1236 4112 Datum.

86 4163 317 4250 Heidelbergas.

547 4276 754 4292 ---—---
699 4303 701 4305 .
