2866 4724
374 297 921 362 enascunvrnon.
1017 283 1022 296 “
1146 297 1213 366 299,

107 456 267 516 Cornelius
284 456 434 516 Morosns
443 455 607 515 Comestori
622 455 824 532 Pugnantio,
851 455 903 515 vel
911 455 1020 532 potius
1031 452 1189 516 Abstemro

419 555 546 634 Quieto,
574 555 672 612 amico
687 565 767 610 certo
788 555 817 610 S.
837 555 880 614 D.

166 652 306 734 Ineptias
326 661 415 726 tuae,
436 651 480 712 mi
498 637 883 735 Pugnantijprolixiorem
899 649 1126 732 responsionem
1143 671 1210 710 me-

85 761 245 828 rerentur,
266 751 326 812 nisi
344 762 432 812 tuum
448 750 526 810 mihi
547 750 705 832 ingenium
726 751 941 830 persuaderet,
962 769 1024 809 non
1047 771 1123 829 opus
1146 769 1231 816 esse
1293 802 1296 806 .

86 850 167 929 apud
189 860 220 909 te
241 850 419 931 prolixitate
440 850 623 923 verborum,
664 847 718 927 qui
746 850 917 908 sanioribus
938 847 1107 908 rationibus
1126 848 1211 907 haud

87 949 243 1008 illibenter
264 947 352 1008 cedis
391 947 541 1008 Brevitati
562 948 664 1027 itaque
685 947 820 1020 studebo,
843 941 969 1021 sedita,
990 967 1039 1020 ne,
1056 945 1128 1005 dum
1142 949 1212 1006 bre-

87 1047 132 1104 vis
155 1067 219 1106 esse
238 1047 359 1120 laboro,
382 1045 527 1106 obscurus
547 1045 627 1104 fiam.
668 1048 708 1106 Et
729 1048 852 1128 quidem
878 1029 994 1118 fateor,
1017 1044 1213 1126 corruptissi-

87 1165 172 1203 mum
195 1146 291 1204 fuisse
312 1144 451 1204 Parnassi
482 1165 550 1202 meo
571 1150 722 1226 tempore*
735 1158 864 1206 statum:
905 1145 960 1204 nbi
986 1143 1214 1202 commessatio-

87 1240 160 1316 ires,
190 1243 305 1322 jurgia,
326 1243 558 1325 provocationes
580 1252 609 1302 et
630 1243 732 1302 duella
752 1255 839 1304 erant
860 1244 1115 1324 frequentissima,
1137 1245 1213 1304 adeo

87 1341 197 1404 utrix
218 1343 301 1400 ullus
321 1342 403 1415 dics,
425 1361 464 1400 ne
487 1340 585 1399 dicam
609 1341 774 1402 hebdomas
796 1356 849 1402 aut
870 1342 981 1402 mensis
989 1385 998 1417 ‚
1020 1344 1212 1424 praeteriret,

88 1458 149 1517 quo
168 1459 232 1499 non
255 1443 336 1499 cives
357 1439 390 1498 in
412 1441 539 1522 propria
559 1440 680 1501 viscera
700 1442 864 1502 saevirent.
928 1441 1059 1508 Cautum
1082 1455 1147 1502 erat
1165 1444 1215 1502 le-

86 1537 191 1615 gibus,
214 1538 322 1616 quibus
345 1531 419 1598 novi
441 1539 575 1598 Studiosi
597 1549 627 1598 et
645 1539 783 1618 juniores
805 1561 837 1599 se
859 1539 1047 1620 adstringere
1067 1542 1215 1601 teneban-

88 1644 155 1709 tur,
178 1657 218 1696 ne
239 1638 307 1717 quis
328 1637 604 1718 competitionibus
624 1639 800 1711 interesset,
827 1638 955 1718 nequis
977 1639 1210 1700 vociferationi·

88 1734 144 1793 bus
180 1737 338 1795 nocturnis
373 1737 442 1796 aliis
477 1737 622 1796 molestus
656 1737 748 1822 esset,
779 1756 819 1794 ne
847 1737 915 1816 quis
935 1737 1089 1818 lapidibus
1108 1739 1214 1798 stricto

88 1833 189 1912 gladio
208 1827 385 1903 insultaret,
406 1855 446 1894 sse
467 1834 534 1914 quis
554 1845 745 1914 provocaret,
765 1846 817 1893 aut
838 1847 1019 1914 provocatus
1040 1837 1073 1897 in
1089 1858 1212 1897 arenam

88 1943 289 2014 compareret,
297 1934 349 1992 sed
360 1935 434 2014 quid
443 1935 489 1992 tsi
499 1942 628 2014 potator,
637 1945 795 2012 grassator,
805 1946 996 2014 provocator,
1007 1946 1060 1996 aut
1068 1937 1215 1996 aliusmo-
1289 1965 1291 1970 ·

89 2031 119 2090 di
132 2043 335 2113 transgressor
344 2033 454 2116 harum
468 2033 571 2112 legum
580 2043 657 2090 esset
671 2042 724 2092 aut
740 2033 921 2092 domesticus
936 2045 989 2096 aut
1003 2036 1215 2095 commensalis

89 2143 141 2204 aut
152 2143 284 2212 utroque
300 2132 391 2192 modo
401 2131 518 2190 affinis‘?
541 2130 648 2208 Quid?
671 2131 697 2190 si
710 2151 742 2189 se
756 2133 897 2190 futurum
915 2136 1148 2200 commensalem
1163 2143 1216 2212 aut

89 2233 291 2290 domesticum
313 2230 516 2318 mentiretur?
558 2229 635 2288 Vidi
655 2250 732 2308 ege,
766 2241 796 2288 et
822 2231 969 2313 interfui,
1005 2233 1144 2314 quamtis
1164 2235 1216 2292 in-

88 2333 220 2406 noxius,
257 2329 312 2390 ubi
335 2339 445 2403 noctu,
487 2327 692 2409 prospiciente
723 2340 825 2388 tamen
858 2351 875 2388 c
909 2331 1042 2392 fenestra
1073 2311 1215 2406 Hectoris,

88 2425 200 2492 strictis
220 2430 345 2508 gladiis,
369 2427 468 2488 valvis
488 2438 518 2486 et
537 2426 680 2486 fenestris
707 2427 824 2508 injuria
843 2427 939 2488 lieret.
1002 2430 1062 2490 Sed
1084 2431 1137 2490 ubi
1159 2452 1216 2490 au-

89 2529 153 2588 dita
176 2539 243 2588 erat
263 2549 327 2608 vox
346 2527 438 2587 unius
467 2535 585 2586 tantum
619 2526 854 2601 commensalis,
896 2528 1008 2608 reliqui
1031 2547 1134 2588 omnes
1155 2529 1217 2588 im·
1301 2599 1306 2603 ,

89 2649 174 2709 pune
191 2612 251 2688 hoc
271 2628 385 2687 factum
407 2626 554 2686 ferebant.
618 2627 693 2685 Vidi
715 2626 826 2686 iterum
850 2626 1006 2688 cohortem
1028 2638 1217 2708 compotato-

65 2711 68 2718 ¹
89 2749 160 2788 rum
184 2727 218 2786 in
239 2726 306 2806 ipso
327 2727 455 2787 meridie
477 2734 507 2784 et
527 2724 670 2784 fenestris
692 2736 722 2784 et
742 2726 861 2796 foribus
881 2726 947 2786 vina
967 2728 1083 2788 realem
1098 2728 1216 2806 gladiis,
1288 2773 1294 2784 ,

89 2826 292 2886 inhabitatori
311 2845 386 2886 vero
405 2825 561 2886 verbalem
574 2823 681 2904 lingua
700 2825 771 2884 satis
786 2825 934 2884 maledica
949 2826 1146 2902 inferentem,
1167 2827 1222 2886 in-

88 2925 239 3006 spiciente
260 2926 407 2985 Senatore
428 2944 490 2984 non
513 2921 612 2982 infimi
629 2923 782 3000 subsellii,
822 2923 970 3004 jurasses,
1011 2927 1126 2986 facturn
1151 2948 1219 2988 ear-

90 3047 160 3086 cere
182 3025 210 3084 si
230 3045 293 3084 non
314 3044 383 3082 cera
405 3023 540 3103 dignum.
578 3020 763 3102 neuquid?
806 3025 1023 3085 commensales
1045 3038 1140 3086 erant.
1184 3025 1219 3096 Si

90 3123 312 3184 denunciatum
332 3131 418 3194 esset,
461 3141 562 3202 poena
583 3122 813 3182 antecedentem
833 3125 996 3204 scelestum
1016 3123 1153 3185 insecuta
1168 3125 1219 3182 in-

89 3224 216 3284 felicem
235 3221 416 3304 reddidisset
436 3220 686 3293 commensalem,
721 3221 775 3284 sed
797 3222 1005 3284 infeliciorem
1027 3203 1220 3283 denuncian-

90 3333 153 3382 tem
174 3322 336 3402 hospitem.
399 3319 576 3381 Verendum
606 3319 689 3378 enim
713 3330 793 3395 erat,
827 3343 867 3380 ne
894 3342 1000 3380 omrres
1026 3323 1133 3380 relicta
1160 3321 1218 3379 hac

90 3442 197 3481 mensa
218 3421 310 3480 eliam
331 3419 487 3497 eligerent.
549 3419 663 3478 Melius
685 3419 781 3499 igitur
808 3429 872 3479 erat
898 3439 968 3478 cum
989 3420 1151 3478 commodo
1172 3428 1220 3477 ta·
1291 3490 1314 3500 ι,

92 3541 179 3595 cere,
202 3540 293 3600 quam
314 3519 452 3600 perjuria
474 3527 505 3578 et
524 3517 685 3606 'malefacta
705 3518 821 3597 puniri..
871 3519 951 3578 Sane
973 3517 1141 3578 dolendum
1164 3525 1219 3589 est,
1306 3503 1309 3511 Α

90 3618 216 3700 juvenis
236 3619 338 3698 primo
360 3619 460 3678 statim
484 3618 622 3696 ingressu
648 3616 681 3700 in
713 3617 911 3689 Parnassum,
954 3615 989 3676 in
1016 3636 1077 3696 quo
1104 3614 1220 3676 funda·
1246 3635 1250 3646 ¹

91 3729 199 3777 menta
218 3718 444 3792 Christianismi
463 3717 563 3798 jacere
583 3715 748 3787 debebant,
789 3715 981 3794 juramento,
1011 3713 1094 3795 quod
1116 3724 1219 3774 tamen
1254 3747 1257 3756 ι
1316 3749 1319 3754 ·

90 3816 224 3897 impune
242 3817 362 3878 violare
381 3819 469 3891 licet,
500 3814 663 3892 adstringi,
693 3823 722 3872 et
742 3813 786 3872 sic
804 3814 950 3894 perjuriis
972 3813 1158 3887 adsuefieri,
1189 3821 1221 3872 et

91 3917 133 3976 ad
155 3915 210 3975 illa
230 3915 316 3996 quasi
337 3916 513 3977 manuduci.
575 3912 659 3991 Quid
681 3911 779 3971 dicam
802 3911 840 3970 de
869 3911 1067 3993 prostibulis,
1109 3911 1221 3990 quibus

91 4014 250 4095 Apollinis
270 4014 377 4091 eolles,
399 4015 460 4094 lsoc
480 4023 543 4089 est,
564 4014 706 4079 Musaea,
727 4011 930 4072 conscendere
951 4008 1148 4070 conniventia
1168 4030 1222 4068 su·

90 4113 254 4195 perieram
275 4111 493 4195 permittebat?
522 4112 607 4190 Quid
630 4110 668 4169 de
689 4109 876 4192 negligentia
896 4107 1134 4170 Studiosorum?
1156 4109 1222 4166 Re-

93 4214 138 4295 gis
161 4213 202 4274 ad
223 4215 402 4296 exemplum
423 4223 505 4274 totus
521 4195 758 4300 componebatur
778 4209 870 4270 orbis.
918 4209 1112 4290 Negligentes
1133 4217 1222 4266 erant

1007 4339 1077 4400 ἃ
