2866 4724
116 373 123 392 s
210 319 274 416 30'2
569 349 970 418 EPISTOLAE

294 511 340 570 Et
353 511 382 568 ri
399 527 445 566 mc
462 525 564 578 omos,
602 509 678 569 olim
700 529 747 570 mo
760 513 844 572 sicut
861 515 994 586 ornasti,

376 611 526 668 Proximo
543 620 581 668 tu
597 607 769 668 mihiccrto
790 593 937 686 responde
954 612 1014 672 dia.

293 707 395 770 Amen
414 707 483 766 dico
498 707 557 766 tibi
566 746 576 774 ,
598 710 627 766 si
642 729 704 766 nou
717 709 906 786 respondetis
924 713 995 784 cito,

379 810 426 866 Tu
443 802 491 881 aci
494 805 678 882 patibulum
692 827 757 884 pro
779 830 825 868 mc
842 813 1040 887 imposterum
1053 813 1108 870 iios

292 908 390 966 Hisce
408 904 478 966 dico
495 905 581 976 vole,
616 906 745 980 voletis,
765 909 815 966 uti
830 909 963 985 calecas,

374 1006 462 1064 Dum
477 1003 537 1063 tibi
559 1025 621 1072 essa
634 1003 706 1064 benc
719 1019 813 1086 atquc
828 1009 931 1068 calere
941 1015 1041 1090 pigot.

117 1217 127 1247 s
210 1191 340 1250 Ioannes
359 1185 562 1259 Konocknix,
584 1190 750 1267 Profissor
770 1191 993 1269 hylolouicus,
1022 1195 1157 1254 Domino
1179 1195 1337 1253 Βατινίου

253 1289 435 1356 Animalia,
466 1289 587 1368 Collego
611 1291 764 1347 altissimo
785 1289 1040 1360 honoratissimo,
1072 1292 1182 1350 bonam
1204 1293 1296 1352 benc-

362 1387 526 1446 dictionem
537 1399 626 1464 optat
640 1407 661 1445 a
675 1389 757 1446 Solis
772 1399 844 1448 ortu
862 1413 958 1470 usquc
972 1393 1016 1450 ad
1029 1413 1185 1454 occasune.-

292 1503 447 1582 Scripsisti
468 1524 569 1584 nuper
586 1503 625 1562 ad
645 1523 709 1577 mc,
738 1505 782 1563 mi
804 1507 928 1586 Collegc
949 1509 1109 1583 altissime,
1130 1492 1335 1570 honoratissi-

208 1627 278 1679 mc,
301 1603 383 1684 quod
403 1603 516 1672 vellem
536 1602 593 1662 libi
613 1603 751 1664 indicare
773 1625 872 1664 meam
893 1609 1091 1681 senteutiam,
1122 1625 1215 1700 qpam
1236 1609 1333 1696 babeo

209 1707 247 1768 de
267 1717 320 1765 tuo
342 1701 474 1783 pulchro
494 1702 591 1775 libro,
621 1721 712 1780 quem
736 1694 797 1762 cito
816 1725 889 1766 mox
910 1705 1012 1764 edebis
1033 1707 1067 1765 in
1087 1686 1211 1784 lumbn,
1240 1718 1334 1788 prout

208 1805 337 1873 dicitur,
361 1822 434 1880 gens
454 1802 488 1859 in
509 1801 643 1860 tenebris
665 1801 745 1860 vidit
765 1822 909 1881 magnum
931 1806 1054 1880 lumen,
1082 1817 1120 1866 'eb
1133 1827 1188 1886 ego
1201 1807 1334 1866 libenter

207 1903 265 1964 libi
286 1899 527 1980 respondissem,
561 1898 587 1957 si
608 1900 794 1979 potuissem,
836 1903 907 1980 quia
929 1904 963 1962 in
985 1915 1088 1972 nostra
1107 1906 1247 1966 nundina
1265 1926 1333 1966 om·

206 2024 261 2062 nes
283 2021 369 2058 meac
388 2008 489 2057 terrae
509 1998 649 2057 homines
676 2019 726 2058 mc
752 2000 918 2061 visitabant
936 2002 969 2061 in
993 2023 1102 2081 magno
1124 2025 1257 2064 numero
1265 2047 1274 2078 ,
1302 2016 1333 2062 ct

207 2123 263 2182 ego
285 2119 348 2158 non
368 2107 506 2177 poteram
528 2097 592 2156 illis
611 2096 680 2155 fieri
702 2118 783 2172 sors,
822 2101 883 2158 nisi
904 2101 1027 2180 quando
1049 2103 1188 2163 nundina
1209 2115 1273 2164 erat
1292 2101 1332 2162 fi-

205 2201 282 2264 nita.
345 2198 405 2256 Sed
428 2195 580 2274 quiajam
604 2194 703 2274 habui,
720 2197 796 2256 duos
819 2198 883 2258 dies
904 2200 1020 2260 bonum
1042 2202 1157 2277 otium,
1186 2225 1223 2262 eo
1247 2203 1332 2284 cogi-

206 2292 320 2360 sanius
341 2296 429 2357 volui
448 2295 643 2386 respondere.
684 2297 725 2356 Et
744 2317 817 2356 sanc
838 2299 979 2378 profecto
1002 2303 1155 2381 gratulor,
1178 2302 1330 2382 quintam

205 2396 309 2460 audax
329 2395 438 2462 fuisti,
461 2395 508 2454 uti
530 2394 658 2468 dicitur,
695 2395 822 2455 audacia
844 2399 956 2457 multos
977 2399 1011 2458 in
1034 2401 1203 2479 pernicicm
1224 2402 1331 2462 detru-

108 2517 112 2526 ‘
205 2501 264 2573 sit,
287 2506 318 2558 et
337 2494 464 2556 voluisti
483 2495 577 2554 simul
596 2495 729 2554 scribere
749 2505 812 2556 tam
834 2497 954 2576 elegans
976 2498 1111 2573 librum,
1144 2519 1184 2558 ex
1204 2521 1264 2580 quo
1286 2513 1332 2559 tot

204 2599 288 2660 vires
309 2594 637 2682 docti'prorepcbunt,
684 2594 779 2674 quodi
792 2595 902 2656 armati
928 2597 1043 2657 milites
1065 2619 1105 2658 ex
1124 2609 1241 2659 ventro·
1257 2603 1331 2679 equi

205 2695 335 2776 Trojani
358 2695 570 2774 prorepebant.
632 2695 738 2754 Memo
767 2695 850 2753 enim
882 2706 971 2756 antea
990 2709 1051 2756 tam
1073 2709 1249 2758 occurentes
1268 2699 1330 2758 sci-

203 2797 269 2869 vit,
302 2795 385 2854 unde
407 2813 510 2853 omnes
529 2813 621 2853 voces
641 2791 702 2852 huc
724 2794 884 2868 venirent,
920 2795 1045 2874 etquid
1067 2805 1126 2869 est,
1162 2797 1200 2856 ad
1223 2781 1330 2856 exem-

205 2895 309 2976 plum,
337 2892 442 2964 video,
467 2893 541 2967 edo,
563 2893 643 2952 bibo.
705 2893 747 2950 Et
777 2904 821 2951 est
840 2892 1041 2966 miraculum,
1076 2895 1158 2971 quod
1185 2895 1330 2956 homines

203 2992 468 3077 possunt-vivere,
490 2991 544 3070 qui
564 2992 623 3051 ista
643 3013 706 3052 non
726 2992 842 3051 sciunt:
867 2992 950 3071 quod
970 2993 1062 3052 video
1086 3003 1138 3068 est,
1160 3015 1330 3055 cumsocu-

203 3095 235 3154 lo
257 3101 361 3173 aperto
383 3111 450 3150 rem
469 3091 603 3168 aliquem
625 3091 779 3171 percipio,
814 3101 845 3150 et
871 3092 978 3164 credo,
1012 3092 1095 3171 quod
1116 3105 1147 3150 ct
1165 3115 1328 3173 praesens:

203 3193 277 3274 quia
297 3210 518 3268 nonnunquam
540 3209 604 3248 non
627 3190 779 3249 credimus
800 3189 897 3264 illud,
920 3191 1002 3270 quod
1014 3211 1088 3256 mon
1106 3177 1265 3253 videmus:
1298 3203 1329 3253 et

177 3291 285 3372 'quod
307 3290 397 3348 edere
419 3299 448 3348 et
467 3289 571 3348 bibere
591 3290 648 3364 sit,
686 3290 788 3348 cibum
810 3300 840 3348 et
859 3303 966 3369 potum
990 3311 1047 3370 per
1072 3310 1158 3350 orem
1178 3292 1326 3372 accipere,

145 3419 153 3434 ν
203 3405 233 3452 et
253 3411 309 3474 per
328 3409 416 3469 opem
438 3388 578 3468 linguae,
618 3399 762 3468 tanquam
790 3388 889 3468 spadii
915 3389 966 3449 vel
992 3391 1126 3468 spatonis
1146 3391 1276 3470 sepelire
1291 3391 1326 3450 in

201 3513 234 3552 se
254 3489 420 3572 pulchrum
441 3487 598 3548 stomachi.
639 3491 718 3548 Ante
741 3488 843 3546 omnia
863 3507 938 3548 vero
950 3489 1039 3548 >mibi
1059 3489 1150 3550 valde
1165 3490 1325 3570 benepla-

203 3601 251 3650 cet
271 3587 457 3670 originantia
479 3589 613 3661 vocium,
635 3607 708 3666 quas
731 3587 829 3660 doces,
851 3607 891 3645 ex
912 3607 973 3666 quo
994 3587 1143 3664 videmus,
1165 3589 1249 3668 quod
1262 3589 1327 3648 lin·

201 3712 262 3771 gua
287 3698 392 3747 nostra
424 3687 607 3745 Germanica
640 3698 684 3746 cst
710 3686 789 3748 sicut
818 3687 903 3747 dives
908 3707 1015 3802 [penu
1023 3730 1033 3761 ,
1076 3707 1116 3746 ex
1137 3708 1198 3767 quo
1220 3707 1326 3746 omues

201 3790 279 3849 uliae
308 3807 399 3848 voces
428 3785 588 3866 tanquam*
602 3806 642 3846 ex
672 3787 745 3846 cista
777 3786 953 3846 claustraria
983 3795 1014 3847 et
1046 3805 1140 3846 corno
1164 3788 1325 3866 copiarum

200 3899 326 3971 possunt
360 3885 475 3946 afferri.
535 3886 616 3946 Nam
649 3885 770 3964 quando
799 3903 856 3944 nos
886 3883 1070 3944 Germanice
1098 3885 1229 3944 dicimus
1257 3889 1326 3944 eine

138 4014 145 4024 ·
205 3987 341 4060 Gurckc,
377 3995 451 4044 lunc
471 3986 599 4047 Latinus
620 3987 714 4059 dicit,
743 3985 897 4052 cucumis,
927 3984 1013 4062 quasi
1034 3985 1197 4057 cucumim,
1228 4003 1326 4042 cucu-

200 4086 345 4158 mistieri,
367 4085 582 4144 aGermanico
604 4085 764 4144 Kuhmist:
800 4092 830 4142 ct
852 4082 896 4140 sic
915 4081 1030 4142 dicitur
1049 4083 1217 4154 cucumist,
1250 4082 1324 4160 quia

199 4205 340 4246 cucumes
360 4183 492 4248 libenter
510 4197 649 4246 crescunt
669 4195 698 4244 et
719 4183 798 4243 fiunt
819 4181 921 4260 magni
941 4181 975 4240 in
995 4181 1124 4241 Komist.
1187 4181 1322 4260 Quando

200 4278 300 4344 autcm
321 4283 434 4342 dicitur
453 4284 625 4357 Kukumis,
660 4291 700 4355 ci
712 4281 846 4343 bisvice
863 4280 993 4360 ponitur
1013 4282 1128 4362 syllaba
1147 4283 1214 4356 Ku,
1246 4291 1321 4340 tunc
