2872 4722
213 309 276 379 160
576 305 977 372 urlsrounn

212 457 410 554 panvinianum
432 473 611 548 punctum‚=
629 450 684 526 ubi
705 463 840 538 erravit,
875 464 926 526 vel
941 463 996 526 ubi
1025 483 1080 547 ego
1101 483 1168 528 non
1188 467 1340 551 intelligo,

212 572 279 653 ipae
299 569 389 630 debet
412 567 531 639 videre,
554 559 636 644 quod
657 583 713 644 ego
733 564 807 625 volo
828 561 888 623 eibi
906 585 1000 646 anper
1021 575 1130 626 eutem.
1175 568 1245 648 lpse
1262 571 1341 654 aeri-

212 670 275 752 puit
295 668 386 728 etiem
405 665 523 725 Graece
530 707 541 736 ,
570 663 654 743 qnod
674 682 739 724 non
758 663 884 724 deberet
904 664 1024 741 iecere,
1061 665 1135 745 quia
1158 686 1222 727 noo¹
1235 689 1341 729 eumue

212 767 320 834 Latini
340 775 371 826 et
389 783 453 824 nou
474 762 596 822 Greeoi.
637 762 672 822 Si
693 763 764 824 vult
782 763 934 837 seribere,
961 763 1045 844 quod
1064 783 1157 824 nemo
1177 764 1340 851 intelliget,

213 887 308 951 quare
328 883 391 924 non
410 860 518 922 sonlrit
537 860 629 924 etiem
649 860 802 936 Italicum,
822 859 1038 935 Bolmminnm,
1060 871 1091 922 et
1103 861 1341 944 Hungaricnm'?

212 981 244 1029 et
263 966 308 1027 eie
328 980 420 1022 nemo
440 959 629 1040 intelligeret
650 979 731 1020 enm.
750 958 856 1020 Faciat
870 980 904 1021 ee
922 961 1115 1024 conformem
1128 963 1218 1024 nobie
1234 965 1342 1025 Theo·

211 1065 289 1150 logie
308 1063 343 1121 in
364 1059 490 1120 nomine
516 1069 640 1119 centnm
672 1057 881 1132 diabolorum,
923 1069 954 1120 et
974 1059 1086 1120 scribat
1104 1081 1161 1142 per
1179 1075 1286 1124 utrum
1310 1076 1341 1125 et

212 1175 335 1236 eontra,
358 1169 390 1219 et
409 1158 563 1238 arguitur,
600 1166 631 1218 et
650 1159 783 1240 replica,
814 1169 845 1218 et
864 1177 922 1239 per
942 1158 1170 1235 conclusiones,
1191 1161 1270 1223 eiout
1292 1163 1341 1224 le-

212 1272 323 1326 cerunt
342 1278 449 1318 omnen
470 1253 644 1336 Theologi',
685 1255 842 1318 nicetium
870 1277 927 1316 noe
948 1257 1128 1338 legeremus.
1190 1260 1256 1340 Ego
1274 1281 1339 1322 nou

210 1381 334 1447 poenum
356 1356 445 1418 vobin
464 1353 525 1434 jam
546 1356 651 1416 omnia
669 1355 819 1430 scribere,
863 1375 964 1434 neque
992 1375 1091 1416 meam
1116 1369 1338 1438 paupertatem,

210 1481 302 1544 quam
324 1457 376 1518 hio
395 1453 510 1527 habeo,
544 1453 659 1514 dicere.
718 1455 772 1515 Illi
794 1453 966 1529 cortisani,
1008 1456 1129 1534 quando
1151 1457 1258 1519 vident
1276 1480 1338 1536 me,

209 1575 286 1622 tunc
303 1562 486 1635 nuncupent
504 1571 555 1611 me
575 1562 711 1635 apostate
732 1565 762 1612 et
789 1552 914 1625 dicunt,
952 1554 1036 1632 quod
1064 1575 1120 1635 ego
1145 1559 1268 1616 cucurri
1298 1580 1339 1619 ex

210 1659 338 1736 ordine;
365 1663 396 1714 et
416 1652 461 1714 eie
481 1651 572 1712 etiam
593 1651 714 1713 iaciunt
733 1651 864 1712 Doctori
883 1653 975 1712 Petro
997 1653 1123 1733 Meyer,
1150 1654 1282 1734 plebano
1303 1657 1338 1718 in

209 1751 449 1827 Franooiordie,
483 1751 555 1832 quia
575 1763 691 1814 vexent
711 1769 782 1812 eum
802 1749 846 1810 ite
864 1750 944 1810 bene
973 1748 1149 1828 sic‘ueme,
1182 1753 1254 1833 quia
1271 1755 1339 1837 ipse

209 1861 296 1923 favet
315 1850 423 1913 mihis
444 1850 507 1910 Sed
525 1861 629 1911 tamen
650 1850 717 1930 ipee
739 1848 832 1910 hebet
851 1847 962 1908 melius
981 1866 1073 1929 quam
1095 1870 1162 1930 ego,
1186 1851 1258 1931 quie
1271 1855 1339 1934 ipre

208 1957 302 2020 hebet
327 1951 444 2014 bonum
472 1950 621 2023 officinm,
661 1947 735 2027 quia
760 1960 806 2008 eet
833 1947 1017 2028 Capelianus
1043 1968 1137 2028 nuper
1160 1950 1222 2008 Dei
1253 1973 1337 2033 agro,

208 2055 292 2138 quod
312 2064 372 2130 eet,
405 2071 463 2133 per
484 2051 584 2124 Deos,
618 2045 909 2134 bonum'officium,
949 2046 1023 2107 lieet
1043 2047 1200 2108 Curtieeni
1221 2050 1339 2128 dieunt,

208 2155 292 2236 qnod
310 2153 350 2214 eit
369 2149 555 2213 vilissimum
575 2148 658 2207 inter
682 2145 786 2206 omniu
808 2146 925 2220 officia,
945 2147 1078 2227 quaein
1090 2149 1193 2209 Roma
1210 2160 1340 2230 possunt
1431 2183 1432 2214 t

208 2274 282 2316 eene.
344 2251 406 2312 Sed
428 2248 489 2310 hoe
508 2247 591 2309 nihil
611 2249 734 2322 nooet3'
758 2244 818 2325 ipsi
839 2244 947 2306 dieunt
964 2245 1023 2307 lroo
1042 2266 1082 2307 ex
1101 2246 1236 2323 invidia,
1271 2250 1338 2329 ipre
1431 2301 1432 2310 ,

207 2364 310 2417 tamen
330 2352 424 2412 habet
442 2367 555 2429 punem
577 2365 667 2407 auum
685 2345 724 2404 de
744 2344 820 2418 hoo,
849 2353 880 2404 et
900 2346 1000 2406 nutrit
1019 2365 1052 2406 se
1070 2346 1175 2409 taliter
1194 2349 1338 2428 qualiter,

208 2432 307 2515 donee
327 2452 394 2532 ipse
415 2468 503 2509 ruam
525 2465 647 2507 oannem
668 2454 774 2504 oontre
793 2445 1085 2518 Frnnoofordieneee
1105 2446 1144 2506 ad
1163 2445 1257 2506 finem
1279 2447 1339 2508 dn-

208 2564 265 2614 eet.
308 2549 405 2611 Omni
432 2547 483 2608 die
509 2545 596 2628 quusi
629 2544 743 2606 ivimus
770 2543 837 2624 ipse
856 2552 887 2605 et
908 2563 963 2624 ego
984 2545 1147 2626 spatiatum
1165 2547 1201 2608 in
1220 2548 1338 2628 Campo

207 2652 303 2726 flore,
334 2659 365 2710 et
384 2657 581 2729 expectamur
601 2643 809 2718 Teutonicos,
837 2642 881 2702 ite
899 2642 1033 2705 libenter
1056 2645 1195 2706 videmus
1216 2649 1339 2707 Teuto-

206 2751 302 2812 nicos.
364 2747 455 2808 Tune
475 2745 606 2808 veniunt
624 2742 674 2801 illi
694 2740 865 2816 Curtieeni,
894 2751 928 2802 et
955 2753 1126 2806 monstrant
1145 2745 1337 2826 oum‘digitie

114 2909 123 2920 ,
207 2867 302 2929 nuper
322 2865 395 2919 noe,
418 2853 449 2904 et
466 2843 571 2904 rident
589 2861 666 2915 noe,
698 2850 729 2900 et
749 2840 870 2902 dieunt:
932 2841 1030 2918 Vide,
1059 2844 1105 2904 ibi
1127 2843 1244 2906 vadunt
1263 2845 1345 2919 dno,

207 2948 262 3027 qui
283 2945 394 3040 volpnt
412 2941 569 3003 Renohlin
589 2939 771 3001 comedere?
793 2938 957 3000 comedunt
977 2942 1038 3022 ipei
1053 2963 1135 3019 eum,
1155 2954 1230 3005 tnnc
1243 2945 1336 3004 etiem

206 3044 348 3107 merdant
368 3062 439 3102 eum
459 3041 588 3118 iterum;
626 3051 656 3101 et
676 3040 824 3100 habemns
845 3049 944 3099 tantan
964 3041 1159 3117 vexationen,
1182 3045 1264 3122 quod
1278 3045 1336 3104 de·

205 3146 294 3208 beret
311 3141 447 3223 lapidem
466 3157 667 3200 commovere.
731 3141 822 3198 Tune
842 3138 917 3199 dicit
936 3141 1102 3220 plebanus:
1141 3153 1243 3202 nancte
1262 3145 1336 3204 Me-
1430 3169 1431 3212 l

90 3275 93 3289 ·
131 3301 155 3320 ¹,
206 3245 274 3318 rin,
295 3242 370 3323 qnid
390 3239 505 3300 nooetl
546 3259 602 3301 nos
622 3239 766 3298 volumus
786 3237 846 3298 hoo
872 3250 1000 3318 propter
1018 3241 1121 3300 Deum
1143 3241 1227 3321 pati,
1260 3242 1337 3323 quio

206 3341 305 3404 multa
322 3361 426 3421 paraus
447 3349 492 3398 eet
511 3358 569 3419 pro
591 3338 696 3412 nobis,
712 3344 750 3397 ‘et
770 3356 826 3396 noe
847 3338 938 3396 etiam
959 3358 1064 3399 eumue
1085 3339 1255 3421 Theologi,
1279 3341 1335 3422 qui

206 3442 319 3514 debent
339 3451 403 3498 esee
423 3435 558 3500 humiles
579 3449 610 3495 et
627 3437 723 3518 spreti
743 3438 777 3496 in
800 3435 861 3495 hoo
880 3437 1011 3513 mundo,
1055 3450 1086 3498 et
1112 3439 1157 3499 ita
1177 3440 1253 3500 facit
1282 3459 1334 3498 me

205 3543 319 3602 iterum
339 3539 437 3598 laetae
460 3535 588 3610 mentis,
619 3547 650 3596 et
669 3537 786 3616 cogito,
823 3535 931 3597 dicunt
950 3537 1027 3615 quid
1044 3539 1169 3614 volunt,
1204 3539 1265 3620 ipsi
1286 3550 1335 3600 ta-

205 3660 278 3702 men
298 3657 363 3698 non
384 3635 499 3699 hebent
518 3635 622 3695 omnia
641 3655 720 3716 quae
739 3635 865 3714 volunt,
905 3637 932 3696 ei
952 3655 1085 3698 erremus
1103 3638 1137 3698 in
1157 3638 1273 3719 patrie,
1303 3647 1336 3698 et

89 3776 93 3780 ·
204 3759 287 3800 unue
305 3737 423 3797 feneret
440 3734 529 3796 nobie
549 3735 614 3804 ite,
632 3747 724 3795 'tuno
747 3733 896 3794 eoiremm
922 3735 1014 3797 etiem
1040 3735 1070 3795 ei
1089 3736 1209 3816 aliquid
1229 3737 1334 3797 dicere

204 3839 257 3900 vel
282 3837 404 3910 faeere,
448 3833 520 3914 quie
548 3854 604 3915 ego
633 3835 747 3895 vellem
773 3834 876 3895 levem
905 3853 1026 3896 oausam
1052 3854 1200 3916 quaerere
1224 3845 1333 3896 contra

204 3939 315 4018 iprum:
375 3933 563 4015 Nuperrime
589 3933 680 3995 etiam
709 3933 824 3994 ivimus
849 3950 913 3994 uno
938 3935 1030 3995 modo
1052 3935 1233 4016 spatiatum,
1255 3943 1333 3994 tuno

204 4036 267 4096 duo
286 4033 339 4094 vel
358 4041 421 4093 tren
440 4033 566 4094 iverunt
587 4041 658 4094 ante
679 4053 753 4104 noe,
790 4042 821 4093 et
840 4053 897 4094 noe
917 4044 986 4115 poet
1006 4053 1075 4113 eon,
1106 4046 1180 4095 tunc
1200 4047 1257 4114 ego
1279 4032 1333 4093 in-

42 4177 51 4200 .
159 4139 170 4150 '
203 4133 278 4198 reni
296 4151 391 4194 unam
412 4131 571 4207 oedulnm,
592 4151 648 4214 ego
670 4132 770 4207 oredo,
790 4131 873 4213 quod
890 4153 971 4192 unua
986 4152 1093 4194 eorum
1107 4133 1192 4194 mieit
1206 4152 1274 4192 eam
1287 4130 1332 4192 li-

90 4223 97 4232 ’
203 4233 311 4293 benten
323 4217 433 4292 eadere
439 4272 450 4306 ,
470 4239 506 4294 ut
518 4247 575 4293 noe
587 4232 816 4310 inveniremus,
839 4239 870 4294 et
886 4229 940 4294 illa
952 4232 1089 4296 eontinet
1102 4235 1157 4296 illa
1172 4243 1288 4296 metra:
