2850 4726
466 285 836 370 rentestusg.
1068 265 1075 279 '
1170 287 1212 354 27

120 519 124 524 ¹
165 443 334 506 Historioo
359 453 390 505 ct
417 461 491 504 uero
517 445 681 504 enarratio
713 443 852 508 luridioi
869 447 1032 520 processus
1053 443 1156 504 ltabiti
1176 447 1211 504 in
1327 462 1329 466 ’

81 545 257 623 Moguutt'o
274 552 382 604 contre
407 543 548 606 libellum
577 542 715 622 ejusdem
744 541 912 604 haereticus
941 542 1109 622 sapientem
1137 563 1210 624 pra-

81 643 205 704 vitatos.

101 745 105 752 '
162 743 348 802 Deoisiones
382 741 516 820 quotuor
558 743 807 801 Universitotum
842 740 880 800 de
912 741 1043 818 Speculo
1074 737 1235 816 eiusdem

84 839 218 899 Oculari
236 841 274 900 ab
292 840 421 900 ecclesis
440 841 503 899 Dei
524 841 674 900 tollendo.
1163 907 1166 914 Ι

162 941 331 998 Haeretici
345 959 383 997 ex
406 923 511 995 eodem
534 937 655 997 Libello
679 939 828 1012 articuli,
860 946 896 998 nt
916 937 1086 999 Christiani
1106 957 1213 998 omnes

80 1039 162 1098 mele
182 1059 257 1098 eum
277 1035 434 1116 scripsisse
454 1036 526 1095 luce
547 1035 660 1096 olarios
680 1014 899 1116 dijhdioent.

163 1137 327 1195 Sententia
343 1133 596 1203 condemnatioo,
617 1133 738 1213 ''quod
727 1145 824 1214 Juste,
856 1132 1010 1214 legitime,
1047 1143 1078 1196 ct
1098 1132 1214 1194 Catho-

80 1231 141 1292 lioe
163 1235 334 1314 Speculum
358 1209 482 1292 oculere
501 1231 541 1291 sit
559 1231 761 1292 combustum
785 1233 871 1292 1514.

156 1334 246 1391 Aeto
271 1332 444 1404 Doctorum
460 1329 735 1390 Porrbisiensium
756 1329 794 1389 de
817 1332 1031 1390 sacratissimo
1052 1331 1215 1410 facultate

82 1429 287 1510 molegica,
317 1428 356 1488 sd
376 1427 528 1488 honorem
549 1428 700 1489 duntaxat
717 1431 789 1490 lesu
810 1427 926 1489 Christi
939 1438 977 1488 et
998 1429 1153 1488 Ecclesiae
1165 1449 1215 1488 sa·
1310 1421 1314 1434 ’

81 1522 200 1602 turem,
231 1537 338 1588 contro
361 1527 530 1606 Speculum
553 1527 678 1586 oculare
696 1526 822 1587 loannis
842 1526 999 1587 Reuohlin
1018 1527 1213 1603 Phoroensis,

80 1645 146 1685 uns
165 1645 239 1685 cum
257 1625 408 1685 sententie
429 1623 569 1702 ejusdem
584 1625 685 1686 libelli
705 1625 941 1694 condemnativs
954 1625 993 1684 ed
1010 1626 1122 1707 ignem.
1141 1626 1215 1685 Non

81 1721 447 1787 obstantibussententia
468 1711 624 1803 Spirensi,
652 1733 705 1784 aut
727 1724 960 1804 quibuscunque
981 1724 1049 1784 eliis
1072 1724 1137 1803 ejus
1158 1744 1215 1784 ex·
1306 1767 1308 1771 -

79 1823 305 1903 positionibus,
341 1823 620 1896 declarationibus,
662 1822 891 1903 glossematibus
905 1824 963 1884 vel
983 1822 1215 1884 defensionibus

78 1941 140 2001 per
162 1931 299 1982 cummct
316 1921 393 1981 illuc
412 1921 512 1981 missis
541 1930 572 1980 et
590 1919 821 1998 diligentissime
841 1921 1023 2002 perspectis,
1056 1921 1216 1982 examina-

79 2019 135 2100 tis,
148 2019 215 2082 *diu
234 2005 429 2101 multumque
450 2019 611 2088 discussis,
650 2026 680 2077 et
700 2019 823 2078 tandem
842 2020 1007 2100 justissime
1029 2021 1217 2080 condemne-

79 2119 128 2182 tis·
192 2119 368 2180 Pondcrute
394 2137 516 2199 semper
534 2115 572 2175 111
597 2115 740 2178 omnibus
768 2118 816 2195 (id
837 2121 920 2199 quod
939 2129 1048 2181 notatu
1071 2119 1216 2198 dignissi-

79 2237 167 2276 mum
191 2217 258 2296 est)
280 2228 312 2277 et
332 2217 479 2278 Articulis
500 2225 530 2276 et
550 2215 674 2294 scriptis
691 2216 878 2276 Auctoribus
892 2217 1074 2278 intentione.
1115 2219 1214 2278 Prout
1276 2271 1277 2276 ,

81 2315 363 2376 Christianissimus
403 2316 475 2377 Rex
510 2313 659 2372 Francius
703 2315 884 2376 Ludovicns
923 2327 955 2376 et
993 2317 1049 2376 ulii
1090 2315 1216 2396 quidam

78 2415 231 2496 Episcopi
257 2434 317 2496 pro
346 2413 406 2474 fide
434 2412 552 2475 ibidem
576 2411 743 2492 justissime
779 2413 914 2473 zelantes
952 2413 1107 2474 adhortati
1135 2423 1216 2476 sunt·

81 2516 175 2575 1514.

163 2613 278 2680 Sturm
303 2613 480 2673 totunm
505 2610 708 2693 Pfhfferkom
726 2606 806 2671 iiber
820 2605 903 2671 ‘und
924 2610 1023 2673 wider
1043 2610 1095 2671 die
1114 2607 1217 2672 triilo-
1266 2665 1271 2678 ,

79 2733 132 2774 sen
149 2712 273 2786 luden,
291 2711 463 2773 Aufcchter
485 2711 538 2771 des
559 2710 746 2771 Leichuams
767 2709 885 2772 Christi
905 2711 972 2773 und
991 2712 1093 2772 seiuer
1106 2711 1212 2772 Glied·

80 2833 211 2873 mussen.
269 2812 381 2870 Sturm
401 2808 479 2870 iiber
500 2810 593 2869 einen
614 2810 698 2869 alten
718 2806 841 2869 Siinder
860 2810 1035 2885 Rcuohlin,
1062 2810 1218 2890 Zuneiger

81 2911 134 2970 der
155 2907 302 2972 fulschen
320 2911 422 2970 Juden
443 2908 508 2968 und
527 2910 674 2982 wesen,
696 2897 748 2969 'ui
767 2909 890 2970 wahrer
911 2911 994 2971 That
1009 2910 1161 2991 begriffen
1181 2911 1217 2970 111

80 3012 198 3070 seinem
215 3005 351 3068 Biiohlin
366 3007 600 3089 Augouspiegel.
627 3007 776 3071 Welcher
786 3009 1011 3089 Augonspiegel
1026 3009 1218 3070 (1111111111-

83 3108 261 3196 derlichemq
277 3107 424 3168 Geschift
438 3106 647 3166 Kaiserlicher
662 3106 815 3186 Mejestoit
830 3108 896 3167 und
911 3109 1093 3187 Anzeignng
1111 3108 1218 3168 viceor

80 3206 186 3268 hohen
193 3205 332 3276 Schulen
348 3207 447 3266 durch
458 3206 519 3265 den
528 3203 764 3266 Ketzermeister
776 3209 834 3266 mit
846 3207 947 3268 Itecht
957 3208 1023 3266 und
1031 3208 1088 3266 mit
1103 3205 1216 3266 Urthel

82 3305 286 3367 offentliohon
297 3305 438 3365 1110111111
448 3305 607 3384 abgethun,
616 3305 812 3382 verulgtund
824 3306 881 3365 mit
893 3301 1034 3365 demFiir
1042 3306 1215 3367 verbrsnnt

37 3415 42 3433 ⁸
81 3405 119 3466 ist
137 3409 291 3483 worden3
312 3406 374 3465 wel
361 3404 431 3464 lohe
453 3403 694 3464 Verbranntniss
718 3424 764 3480 nn
790 3402 963 3462 confirmirt
988 3403 1029 3464 ist
1045 3402 1145 3462 durch
1165 3404 1217 3462 dio
1239 3476 1247 3486 ἱ

84 3502 293 3586 ebrvriirdigst
319 3503 385 3564 und
412 3503 612 3564 sllerhoichst
632 3501 823 3565 Universitit
853 3521 912 3562 van
930 3499 1027 3560 Paris.
1090 3500 1217 3559 Sturu-

81 3602 182 3682 glook.
206 3604 295 3663 1514.
371 3659 376 3663 .

167 3702 255 3764 Aeto
276 3699 458 3762 Iudiciaria
479 3699 547 3778 (des
564 3669 824 3763 Reuchlin’sohen
832 3698 1009 3772 Prozesses,
1030 3623 1151 3774 abgcdr
1167 3694 1218 3757 bei

87 3821 112 3862 1.
133 3802 191 3863 der
209 3799 322 3861 Hardt
343 3799 424 3860 Hist.
444 3797 599 3880 reform..)

164 3901 383 3980 Apologia]a
402 3910 432 3958 et
445 3895 513 3959 Ilii
530 3904 595 3960 Jae.
614 3899 652 3958 de
666 3901 871 3980 Hogstroten.

164 4001 330 4079 Epistolae
343 3998 548 4060 'obscurorum
567 4002 716 4059 virorzuu.
757 3999 829 4059 Vol.
847 3993 998 4056 1.11.111.

168 4100 390 4160 intercessione
414 4121 474 4179 pro
496 4102 652 4178 Capuioue
675 4097 716 4159 sd
743 4098 939 4160 Hadrianum
966 4094 1219 4166 s.1R.,E.,cu·
1323 4179 1334 4190 ‘

89 4194 182 4260 1111111.
