2840 4718
204 309 268 378 eae
523 299 715 374 sumus·
741 301 1022 374 excursus.

201 457 478 545 'liturasuidetiut'
498 464 562 528 alii.
603 470 678 528 Pau·
692 459 1341 548 opinensneminem‘reetius'ld‘malum

205 571 386 634 describere*
399 567 551 650 potuisse3
591 567 645 628 sed
667 567 747 634 illud
771 565 887 643 miror,
908 589 1096 650 quemquam
1116 567 1272 642 inveniri,
1292 567 1344 646 qui

202 690 322 734 munus
345 669 406 730 hoe
419 669 498 750 velit
516 657 685 749 suscipere,
704 665 886 749 praesertim
906 687 1007 750 quum
1026 678 1073 730 tot
1092 668 1345 748 occupationibus

204 772 246 834 sit
268 767 316 852 (ut
336 767 446 847 audio)
467 767 657 836 obnoxium,
697 775 733 827 et‘
757 779 841 826 tanto
869 768 1001 884 negotio·
1013 767 1345 828 udaia-sitammam*

204 872 291 933 dnm.
360 867 441 929 Nam
462 885 514 930 me
532 867 682 950 pontifice
704 866 758 928 vix
778 867 946 948 qnisquam
967 867 1002 931 vi
1022 859 1145 950 poterat
1165 866 1269 948 adigi,
1315 877 1346 925 ut

200 969 378 1054 presbyteri
397 977 453 1029 aut
471 968 595 1029 diaconi
621 965 791 1048 saseiperet
810 967 973 1028 honorem.
1013 968 1076 1030 lul.
1097 967 1209 1047 Neque
1231 967 1346 1026 mirum

204 1072 298 1147 adeo,
340 1085 412 1129 nam
431 1067 496 1128 illis
514 1055 705 1150 temporibus
733 1083 859 1127 oeneus
868 1067 1087 1150 episcoporum
1118 1077 1150 1127 et
1169 1068 1346 1150 praemium

203 1169 286 1233 nihil
307 1168 394 1230 aliud
414 1175 513 1242 erat,
516 1187 610 1249 quam
631 1167 773 1241 labores,
787 1165 958 1248 vigiliae,
941 1167 1075 1248 jejunia,
1106 1166 1266 1242 doctrina,
1283 1181 1347 1227 sae-

202 1287 377 1354 penumero
405 1287 507 1344 mors,
546 1286 631 1327 nunc
651 1283 783 1346 regnum
797 1277 854 1327 ¹est:
879 1287 917 1328 ac
941 1265 1102 1348 tyrannis,
1145 1278 1176 1327 et
1198 1267 1271 1346 quis
1290 1287 1345 1350 pro

135 1413 137 1420 ι
203 1388 320 1450 regno,
342 1367 374 1428 si
391 1373 460 1448 spes
480 1367 530 1443 sit,
552 1386 616 1427 ιιοιι
637 1354 811 1426 (ιιιιιιιοιι“
830 1369 900 1427 Pes
921 1368 983 1428 sed
1004 1379 1074 1448 age,
1095 1357 1172 1446 quid
1193 1369 1344 1441 Bononia,
1374 1421 1379 1440 ,

201 1489 281 1531 num
308 1487 327 1527 a
353 1465 628 1541 fide'deseiverat,
671 1476 707 1527 ut
738 1465 837 1526 fuerit
856 1465 922 1548 sedi
948 1467 1108 1528 Romanae
1128 1468 1344 1532 restituenda?

202 1571 267 1630 lat.
288 1570 377 1628 Bona
394 1569 508 1636 verba,
547 1584 612 1626 non
632 1565 693 1625 hoc
713 1566 869 1645 agebatur.
917 1571 990 1629 Pet.
1009 1569 1158 1627 'Fortasse
1178 1567 1342 1628 Bentivolo

143 1721 145 1732 .
201 1669 284 1732 male
312 1664 549 1728 administrante
577 1661 732 1726 marcebat
759 1661 944 1746 respublica.
1016 1668 1079 1728 Jst.
1110 1668 1178 1726 Imo
1207 1667 1342 1730 maxime

201 1768 334 1830 florebat
349 1781 384 1826 ea
394 1765 522 1842 ciritae,
542 1766 649 1826 multis
663 1749 814 1852 aedificiis
828 1751 918 1826 aucta
940 1775 971 1828 et
991 1765 1153 1840 illustrata,
1176 1775 1208 1826 et
1225 1787 1294 1826 eam
1307 1769 1342 1827 ob

200 1889 268 1932 rem
288 1867 460 1947 impensius
479 1865 648 1927 inhiabamss
710 1869 781 1926 Pet.
816 1865 970 1945 Intelligo.
1010 1867 1153 1928 -Praeter
1178 1866 1228 1948 jus
1251 1868 1342 1949 igitur

200 1961 379 2031 invaserat?
407 1967 485 2026 Ἰιιί.
506 1965 555 2026 Ne
575 1966 636 2026 hoe
655 1965 863 2044 quidemsex
883 1977 972 2047 paeto
992 1968 1174 2047 possidebat.
1204 1973 1277 2030 Pet.
1291 1970 1341 2030 ci-

200 2089 255 2131 ves
277 2087 353 2148 ergo
372 2085 438 2126 ιιοιι
457 2064 599 2126 serebant
621 2085 692 2124 eum
712 2065 916 2146 prinoipem?
956 2069 1020 2128 sul.
1041 2069 1109 2130 Imo'
1129 2068 1289 2130 mordicus
1303 2071 1341 2129 il-

200 2172 268 2232 lum
292 2169 458 2245 tenebant;
478 2185 529 2225 me
550 2161 772 2226 aversabantur
793 2166 861 2226 fere
881 2167 1031 2228 universi.
1081 2173 1151 2228 Pet.
1177 2167 1266 2249 Quid
1283 2171 1340 2250 igi-

199 2279 254 2332 tur
275 2267 409 2328 causae?
465 2267 533 2326 Jul.
568 2265 689 2346 Nempe
710 2266 793 2346 quod
813 2267 869 2326 ille
896 2266 940 2326 sie
955 2267 1213 2345 administrabat,
1248 2281 1283 2330 ut
1303 2291 1340 2330 ex

199 2369 352 2430 immensa
374 2366 523 2447 pecunia,
545 2377 637 2445 quam
655 2366 818 2428 a'civib'us·
831 2367 1011 2446 colligebat,
1040 2368 1097 2427 vix
1117 2369 1251 2448 paucula
1270 2371 1340 2430 mil·

198 2468 243 2532 lia
265 2469 304 2528 ad
324 2473 465 2528 nostrum
488 2465 629 2526 redirent
648 2465 765 2526 liscum
828 2455 991 2527 Praeterea
1020 2467 1066 2527 sie
1093 2465 1278 2548 expediebat
1303 2471 1340 2530 ad

199 2568 251 2644 id,
272 2567 357 2647 quod
377 2577 454 2627 tum¹
464 2565 615 2658 temporis
636 2567 786 2646 agitabam
808 2567 928 2626 animo..
963 2567 1071 2646 Itaque
1093 2567 1193 2629 Gallis
1214 2589 1339 2652 operam

199 2667 408 2741 navantibus,
443 2675 475 2726 et
494 2663 667 2726 nonnullis
676 2681 746 2725 meo
766 2665 902 2726 fulmine
921 2667 1055 2742 territis,
1081 2669 1193 2751 proili
1178 2679 1247 2730 <rato
1262 2672 1340 2730 Ren-

198 2768 315 2841 tivolo,
332 2766 533 2826 cardinales
556 2774 590 2826 et·
614 2747 785 2847 Episcopus
810 2766 884 2826 urbi
912 2768 1063 2847 praefeci·
1106 2778 1141 2829 ut
1161 2770 1252 2828 nulla
1271 2789 1340 2852 pars

199 2869 484 2958 emolumentorum
507 2885 571 2925 non
593 2865 709 2928 rediret
729 2866 772 2926 ad
789 2889 863 2928 usus
884 2868 1073 2928 eeclesiae.
1096 2869 1146 2928 Ad
1166 2869 1245 2928 haee
1264 2873 1340 2931 titu-

199 2971 249 3028 lus
271 2977 302 3026 ει
313 2949 460 3046 imperii
471 2963 603 3054 dignitas
625 2975 696 3025 ante
715 2984 811 3059 penes
830 2967 935 3028 illum
931 2985 1012 3026 “esse
1033 2966 1206 3028 videbatur.
1248 2971 1340 3030 Nune

199 3066 341 3146 undique
359 3073 497 3154 nostrae
503 3065 660 3141 visuntur
671 3075 816 3141 statuae,
829 3068 928 3127 nestri
950 3069 1097 3148 leguntur
1111 3067 1221 3142 tituli,
1236 3081 1339 3129 nostra

181 3147 388 3228 ,ιιιιοιιιιιιιιιῐΓ
394 3147 586 3244 tr'op'haea,
611 3164 674 3245 jam
702 3167 816 3246 passim
840 3177 872 3224 et
897 3167 997 3226 Julius
1025 3185 1134 3226 saxeus
1155 3175 1217 3228 stat
1237 3179 1267 3228 et
1287 3190 1339 3228 ae-

200 3285 288 3330 neue.
295 3259 489 3364 Denique
494 3265 523 3322 ἰι
532 3271 720 3363 spectasses,
746 3279 849 3346 quam
869 3266 966 3346 regali
985 3266 1145 3347 triumpho
1165 3269 1338 3331 Bononiam

200 3367 260 3428 sim
280 3350 455 3460 ingressus,
476 3349 607 3424 fortasse
627 3355 983 3426 contemnereeonsnes
980 3362 1191 3428 Octaviorum
1214 3389 1249 3430 ae
1267 3372 1337 3429 Sci-

201 3468 332 3559 pierium
344 3447 552 3544 'triumphem
592 3472 623 3524 et
649 3464 770 3546 intellig
754 3485 839 3525 <teres
867 3487 919 3525 me
946 3485 1010 3525 non
1032 3467 1146 3547 absque
1167 3488 1256 3528 causa
1273 3479 1336 3529 tam

201 3571 340 3654 strenue
346 3573 405 3647 p'ro
428 3562 571 3623 bononia
589 3562 761 3644 dimicasse:
790 3584 926 3646 vereque
945 3577 1109 3644 spectasses
1129 3569 1239 3628 eodem
1257 3580 1338 3629 tem-

200 3685 279 3749 pore
305 3647 355 3725 ιι
349 3665 549 3724 ¹militantem
581 3674 615 3724 et
641 3663 884 3754 triumphantem
907 3665 1076 3724 ecelesiam
1117 3671 1189 3728 Pet.
1209 3673 1273 3750 Erg
1256 3681 1337 3730 oote

201 3778 358 3838 renente,
367 3775 518 3846 quantum
540 3763 701 3842 intelligo,
723 3764 851 3846 contigit
867 3766 967 3839 illud,
988 3766 1071 3846 quod
1092 3783 1183 3826 orare
1203 3768 1336 3847 noejus·

111 3911 113 3917 .
200 3877 283 3926 serat
304 3865 460 3925 Christus:
481 3862 627 3924 adveniat
647 3881 776 3941 regnum
797 3875 896 3925 ιιιιιιιι.
945 3867 1019 3926 Jam
1032 3871 1107 3925 vero
1127 3868 1244 3927 Veneti
1263 3869 1336 3948 quid

201 3963 411 4025 admiserant?
458 3964 521 4022 Jot.
550 3962 692 4022 Primum
723 3965 980 4052 graebissabant
970 3987 1005 4025 ae
1033 3985 1084 4025 me
1109 3967 1335 4048 propemodum

200 4084 259 4148 pro
282 4043 485 4126 deliramento
513 4061 682 4137 habebant,
715 4063 798 4122 nihil
828 4083 893 4126 non
917 4066 1131 4126 conviciorum
1157 4067 1193 4127 ιιι
1214 4090 1266 4128 me
1287 4069 1335 4148 ja-

200 4165 323 4224 cientes.
354 4167 448 4223 Pet.
469 4164 641 4235 Verorum,
675 4178 714 4222 an
737 4163 910 4226 falsorum?
951 4168 1024 4240 Iul.
1037 4166 1122 4244 Quid
1142 4167 1266 4227 refert?
1288 4189 1333 4227 sa-

200 4263 362 4342 crilegium
382 4273 444 4341 est,
488 4263 527 4323 de
547 4251 689 4322 Romu'no
709 4261 861 4324 Pontifice
887 4268 938 4330 vel
957 4269 1089 4340 mutire,
1120 4267 1187 4326 'nisi
1207 4267 1243 4330 in
1265 4268 1333 4328 lan-
