2872 4722
390 355 667 418 OBSCUR.
713 361 936 424 VIROR.
1167 366 1227 432 143

95 512 252 586 scribere,
276 511 332 592 qui
352 521 425 572 sunt
445 512 483 572 de
504 513 556 574 via
576 513 717 589 meliori,
744 536 780 576 ac
799 517 972 580 informare
990 520 1039 583 rei
1058 521 1228 586 veritatem.
1288 571 1290 580 ,

95 615 134 673 Et
160 611 233 674 volo
265 631 362 672 unam
389 611 514 672 Missam
543 632 601 694 pro
631 614 722 674 vobis
753 615 857 694 legere
884 619 966 699 apud
993 622 1229 701 praedicatores,

96 713 177 792 qaod
197 712 318 772 debetis
339 711 465 773 vincere
485 713 653 773 Doctorem
667 714 839 790 Reuohlin,
862 719 916 796 qui
934 719 1058 780 vocavit
1077 741 1133 782 vos
1153 722 1229 782 has-

95 812 224 872 reticum
248 812 424 886 immerito,
448 812 542 892 quod
563 806 724 894 scripsistis
743 813 778 907 iu
798 824 899 876 vestra
912 817 1053 878 Poetris:
1080 821 1164 880 ,Flet
1176 824 1229 882 Jo-

96 911 142 971 vis
161 912 247 972 alma
264 931 386 994 parens.
447 913 557 973 Valste
584 911 619 970 in
639 912 775 972 maxima
796 915 983 978 valetudine.
1031 919 1082 978 Ex
1101 921 1229 983 Witcn·

97 1011 203 1092 bergo,
242 1033 283 1072 ex
305 1033 377 1073 aree
396 1010 480 1092 apud
501 1010 684 1090 Magistrum
708 1012 918 1092 Spoletinum,
942 1014 1005 1095 *qui
1028 1017 1113 1078 vobis
1134 1019 1229 1084 mittit

96 1120 139 1169 tot
159 1112 293 1186 salutes,
322 1121 400 1190 quot
421 1120 561 1171 cantatur
577 1109 736 1170 Helleluia
765 1111 852 1174 infra
869 1113 986 1178 Pascha
1008 1125 1039 1178 et
1056 1117 1229 1180 Penthecc-
1313 1103 1315 1111 ¹

93 1218 161 1269 stes.
191 1211 312 1270 Iterum
325 1211 445 1285 valete,
468 1218 499 1272 et
512 1209 612 1270 ridete
626 1229 758 1290 semper.
778 1257 781 1266 .

93 1410 251 1468 Nischana
290 1410 508 1469 luminatoris
548 1411 609 1470 Do.
656 1413 817 1491 Magistro
850 1413 984 1474 Ortuinc
1030 1427 1077 1474 tot
1109 1419 1228 1478 salutes
1296 1467 1305 1486 ,

155 1512 277 1578 mittit,
309 1519 383 1589 quot
402 1511 438 1567 in
468 1529 529 1568 zeno
550 1530 633 1570 enno
654 1524 828 1572 nascuntur
848 1515 963 1574 culices
982 1526 1012 1574 et
1027 1517 1164 1592 pulices.

157 1661 352 1734 ¹Scientifice
371 1663 576 1744 Praeceptor,
598 1659 745 1742 Magister
767 1661 916 1724 Ortuine!
936 1665 1000 1744 Ego
1020 1667 1158 1748 significo
1172 1690 1229 1730 vo*

90 1760 145 1820 bis
164 1762 273 1841 plures
291 1772 405 1840 grates,
432 1782 526 1842 quam
553 1751 652 1820 liabeo
680 1759 780 1824 crium
806 1758 841 1821 in
870 1784 999 1845 corpore
1026 1786 1111 1835 meo,
1145 1769 1229 1847 quod

92 1859 321 1920 dedistismihi
343 1858 524 1934 eonsilium,
547 1860 630 1940 quod
651 1858 795 1922 deberem
817 1862 975 1922 ambulare
995 1864 1033 1923 ad
1055 1866 1227 1940 Coloniam,

91 1981 154 2040 pro
174 1960 277 2019 stadio
298 1961 337 2020 ad
358 1959 482 2020 barsam
504 1958 676 2020 Laurentii.
716 1959 809 2021 Pater
830 1983 916 2022 meus
939 1961 1002 2022 fuit
1024 1957 1139 2045 optime
1153 1986 1229 2026 con·

90 2071 215 2134 tentus,
238 2071 268 2120 et
286 2057 372 2119 dedit
394 2051 473 2118 milri
492 2056 598 2148 decem
617 2059 769 2134 florenos,
801 2071 832 2121 et
852 2059 928 2120 emit
947 2061 1026 2121 milri
1045 2085 1139 2124 unam
1161 2087 1229 2125 rnaa

90 2147 183 2240 guain
206 2179 332 2240 cappam
355 2180 426 2218 cum
447 2156 587 2240 liripipio
608 2159 690 2240 nigri
710 2160 843 2233 coloris,
864 2161 1021 2241 inprime
1042 2163 1110 2235 die,
1129 2185 1228 2243 quan-
1285 2221 1288 2230 ,

89 2261 130 2318 do
158 2261 236 2321 veni
263 2259 303 2318 ad
331 2253 590 2332 Universitatem,
622 2269 653 2318 et
679 2258 810 2337 deposui
837 2259 983 2320 beanium
1009 2259 1041 2322 in
1071 2264 1228 2341 praedicta

87 2360 199 2420 bursa:
242 2371 319 2418 tunc
346 2352 442 2418 didici
468 2377 567 2416 unum
598 2357 751 2429 notabile,
788 2358 871 2435 quod
898 2379 962 2417 non
988 2359 1102 2418 vellem
1123 2380 1228 2419 carere

87 2477 145 2549 pro
169 2459 283 2518 decem
304 2452 388 2517 albis.
439 2453 574 2534 Quidam
597 2449 693 2514 Poeta
710 2452 887 2515 Hermastus
907 2455 1059 2516 Buschius
1080 2458 1167 2517 venit
1188 2458 1227 2516 ad
1306 2509 1309 2521 ,

85 2560 181 2618 istam
205 2549 348 2630 bursam,
383 2571 454 2614 cum
481 2549 606 2634 negotio
635 2553 674 2612 ad
701 2574 800 2613 unum
821 2553 991 2634 Regentem
1012 2555 1227 2615 collateralem.

86 2660 186 2718 Tunc
219 2656 275 2716 ille
295 2654 441 2735 Magister
462 2653 546 2712 dedit
565 2651 625 2712 sibi
646 2671 773 2712 manum
794 2674 896 2727 suam,
944 2664 982 2738 et¹
1005 2655 1127 2734 excepit
1154 2675 1227 2715 eum

86 2756 359 2826 reverentialiter,
381 2754 502 2813 dicens:
546 2751 637 2812 Unde
665 2751 744 2811 mihi
765 2752 842 2826 hoc,
875 2753 958 2832 quod
978 2762 1077 2812 mater
1096 2755 1227 2814 Domini

87 2858 178 2916 venit
201 2855 240 2914 ad
261 2855 333 2914 mel
374 2854 416 2912 Et
433 2851 585 2912 Bacchius
604 2851 781 2931 respondit:
812 2852 846 2911 Si
858 2851 1013 2912 Dominus
1033 2864 1140 2914 noster
1160 2874 1226 2912 non

87 2955 202 3014 habuit
222 2954 435 3033 pulchriorem
456 2961 603 3027 matrem,
637 2972 729 3032 quam
759 2957 813 3029 ego
840 2943 925 3026 sunt,
968 2961 1050 3011 certe
1072 2952 1139 3032 ipsa
1161 2971 1237 3012 non¹

89 3055 151 3113 tuit
173 3055 309 3113 multum
327 3052 474 3137 pulchra,
504 3059 535 3110 et
557 3069 621 3110 non
643 3051 798 3110 intellexit
818 3050 905 3109 illam
925 3051 1069 3111 subtilem
1091 3051 1226 3113 rhetori-

89 3155 191 3212 calem
212 3152 409 3233 allegoriam,
441 3169 532 3230 quarn
554 3151 607 3208 ille
629 3147 750 3229 Regens
771 3149 901 3210 bursalis
920 3151 1095 3232 praetendit
1114 3151 1148 3208 in
1169 3169 1225 3211 sno

89 3271 246 3311 sermone.
307 3253 373 3331 Ego
404 3271 509 3330 spero,
544 3248 628 3328 quod
655 3249 727 3309 volo
757 3249 857 3308 adhuc
888 3249 986 3308 multa
1012 3248 1046 3307 in
1067 3247 1125 3306 hac
1144 3249 1226 3306 alma

90 3349 309 3413 Universitate
330 3350 446 3409 discere
458 3391 467 3422 ,
488 3359 550 3408 tam
572 3346 677 3421 utilia,
705 3348 786 3408 sicut
804 3348 864 3409 hac
884 3347 1020 3407 notabile
1043 3355 1096 3402 est.
1157 3346 1226 3402 Ho-

90 3451 141 3510 die
161 3445 251 3510 enim
271 3468 447 3531 processum
467 3448 595 3521 bursae,
615 3465 681 3504 cras
703 3445 798 3506 debeo
819 3465 948 3522 arguere
968 3444 1002 3502 in
1017 3442 1225 3520 disputatione

89 3550 228 3622 bursali,
250 3549 289 3608 de
310 3550 366 3608 illa
379 3546 521 3607 materia:
543 3549 545 3556 ’
563 3557 670 3605 utrum
686 3547 818 3602 necteria
834 3545 943 3619 prime
956 3545 1000 3601 sit
1020 3544 1123 3600 suein
1138 3553 1223 3608 actii,

91 3651 142 3707 vel
153 3651 309 3727 poterim.
349 3647 514 3722 Coloniae,
536 3665 576 3706 ex
588 3645 681 3705 bursa
698 3640 872 3704 Laurentii.

92 3841 277 3902 Herbordus
296 3827 517 3904 Mistlcderius
542 3837 589 3900 M.
614 3839 766 3912 Ortuino,
787 3832 1026 3914 incomparabili
1051 3837 1086 3892 in
1105 3833 1223 3892 doctri-

130 3930 194 4019 isa,
213 3945 419 4020 Praeceptori
432 3963 487 4000 suo
502 3941 692 4006 salsissimo,
715 3938 855 3996 Salutem
873 3937 966 4012 dicit,
988 3955 1081 4016 quem
1095 3955 1181 3995 nemo

489 4037 687 4098 dinumerare
701 4039 827 4115 poterit.

177 4169 439 4254 illuminatissima
459 4189 622 4270 Magister!
665 4185 799 4263 Quando
819 4184 942 4244 discessi
962 4206 982 4246 a
1000 4194 1102 4246 vestra
1122 4184 1224 4244 domi-

92 4291 220 4352 natione
240 4294 280 4353 ad
302 4293 418 4354 Suollis
438 4289 607 4350 antedaos
635 4305 750 4357 annos,
784 4284 965 4364 promisistis
990 4284 1070 4345 mihi
1098 4284 1137 4342 ad
1156 4304 1222 4346 ma·
