2896 4716
411 322 689 395 osscou
730 325 956 422 vanos.
1176 275 1247 398 'aas

120 567 252 624 Ioannes
275 562 313 623 ds
333 562 584 644 Scbusiufbrdia,
620 574 818 640 septenarum
841 564 1156 650 artium''libcrobium
1167 571 1247 628 Ma-

114 668 231 741 gister,
267 664 438 738 scientifico
463 673 493 722 ct
512 660 698 722 mirabiliter
715 661 820 731 docto,
862 673 955 742 atquc
976 665 1155 727 illuminato
1176 670 1247 728 viro

119 764 255 822 Ortuino
287 763 399 823 Gratia
429 767 465 820 in
487 763 684 829 Davcntria,
722 761 873 820 Graecam
892 775 921 822 et
935 765 1085 822 Latinam
1102 765 1247 844 linguam

240 861 469 940 magistraliter
485 860 624 930 docenti,
644 859 731 918 mille
745 861 862 935 salutes
881 874 911 922 et
925 863 1022 939 paulo
1037 864 1121 939 pluas.
1157 900 1166 926 ι

190 976 404 1040 Reverentiali
426 976 560 1050 honore,
597 987 629 1035 et
646 975 821 1037 obedientia
840 979 1033 1057 praelibatis,
1059 979 1247 1060 Praeceptor

115 1061 148 1136 in
169 1074 312 1154 pluribus
332 1075 490 1135 scibilibus
510 1077 653 1155 experta!
675 1074 846 1156 scripsistis
866 1076 946 1137 mihi
965 1097 1067 1158 nuper
1082 1077 1127 1138 'dc
1147 1081 1246 1139 victo-
1306 1089 1310 1095 “

114 1175 163 1234 ria
182 1185 286 1235 vestra
307 1175 431 1234 obtenta
459 1173 494 1234 in
520 1175 619 1234 Roma
653 1182 759 1234 contra
780 1173 872 1234 istum
894 1176 1068 1250 Raucblin,
1110 1177 1166 1256 qui
1188 1199 1246 1238 au-

115 1273 221 1334 dacter
240 1273 303 1334 fuit
322 1282 428 1333 contra
447 1291 513 1347 vos,
534 1283 565 1334 et
585 1273 690 1334 virum
710 1271 834 1333 noviter
853 1271 962 1332 deifice
984 1273 1193 1336 illuminatum
1209 1276 1245 1335 ia

115 1371 194 1431 Fide
211 1371 402 1445 Christiana,
422 1372 571 1456 Joapncm
591 1370 799 1432 Pfafferkorn.
846 1372 887 1432 Et
906 1373 1061 1451 quomodo
1080 1374 1165 1454 Papa
1184 1375 1245 1434 im-

113 1471 219 1551 posuit
240 1470 299 1532 sibi
317 1469 489 1544 silentium,
508 1471 553 1531 ita
572 1473 656 1551 quod
673 1469 756 1530 nihil
777 1469 902 1530 deberet
923 1471 1016 1548 magis
1034 1472 1180 1546 scribere,
1202 1493 1244 1534 uc

114 1571 264 1631 deterius
279 1570 339 1630 sibi
367 1570 487 1647 aliquid
515 1569 691 1649 contingat,
732 1578 768 1628 ut
792 1567 868 1628 dicit
890 1569 1045 1632 Dominus
1072 1584 1178 1632 noster
1209 1573 1244 1632 in

112 1670 294 1750 Evangelio.
344 1670 436 1730 Prius
455 1667 539 1728 enim
558 1667 591 1728 in
614 1667 748 1748 Speculo
771 1667 889 1728 oculari
911 1669 955 1729 sic
974 1660 1095 1748 scripsit
1116 1671 1244 1760 mii-abi·

113 1770 206 1842 liter,
228 1769 311 1848 quod
332 1767 473 1848 Magistri
494 1755 590 1826 nostri
612 1786 676 1826 non
697 1777 867 1846 potuerunt
886 1767 1068 1848 intelligere,
1091 1779 1123 1828 ct
1138 1780 1243 1830 tamen

112 1867 280 1941 dixerunt,
301 1867 383 1948 quod
404 1879 449 1927 cst
471 1867 661 1940 haereticus,
684 1867 754 1926 ideo
777 1866 850 1946 quia
870 1887 935 1928 non
955 1867 1069 1927 babent
1089 1869 1180 1928 sicin
1201 1869 1244 1928 li·-

112 1967 177 2026 bris
197 1965 278 2040 suis,
321 1966 401 2028 sicut
422 1967 477 2026 ille
498 1965 637 2047 scripsit,
676 1983 778 2046 neque
806 1985 905 2028 novus
926 1986 1034 2028 eorum
1055 1966 1243 2048 Theologus,

113 2085 205 2145 quem
235 2067 321 2126 Deus
350 2065 508 2126 suscitavit
540 2085 580 2124 ex
606 2063 775 2144 lapidibus,
811 2076 847 2126 ut
869 2078 945 2126 essct
964 2086 1067 2126 semen
1089 2059 1242 2140 Abrahae,

18 2221 19 2227 ,
110 2165 191 2224 sicut
219 2163 380 2244 Scriptura
410 2163 504 2238 dicit,
545 2164 691 2226 videlicet
715 2165 847 2224 Ioannes
867 2166 1066 2228 Pfefferkorn
1087 2165 1180 2225 babet
1197 2166 1243 2224 sic
1291 2151 1295 2162 ¹

17 2313 20 2327 ᾖ
111 2284 153 2323 ex
173 2261 283 2323 deifica
304 2262 427 2326 visione
447 2284 502 2324 seu
525 2262 788 2336 manifestatione,
829 2264 881 2323 vel
903 2285 943 2324 ex
969 2258 1030 2324 fida
1051 2264 1144 2344 digna
1159 2264 1242 2324 rela-

17 2405 20 2412 ·
110 2362 201 2446 tione
217 2360 326 2422 uxoris
347 2383 430 2436 suae,
453 2383 545 2443 quam
567 2361 673 2422 audiri
693 2360 785 2420 etiam
805 2361 920 2422 babere
938 2363 1082 2443 spiritum
1103 2361 1241 2442 prophe-

110 2461 189 2533 tiae,
227 2460 266 2518 dc
288 2480 349 2539 quo
371 2481 427 2522 vos
448 2463 558 2522 melius
578 2462 661 2522 scitis
682 2479 774 2540 quam
796 2480 867 2541 ego,
908 2463 981 2542 quia
1001 2481 1092 2542 saepe
1111 2480 1181 2520 cum
1205 2481 1241 2519 ea

111 2558 233 2631 fuistis,
270 2561 394 2640 quando
422 2563 554 2622 Joonnes
574 2561 772 2621 Pfefferkorn
795 2579 857 2621 nou
879 2560 942 2620 fuit
960 2561 995 2620 in
1014 2561 1115 2621 domo.
1178 2559 1240 2618 Sed

17 2721 20 2731 ‚
109 2656 216 2750 nescio
234 2678 293 2736 per
311 2661 431 2748 Qeum,
454 2661 608 2742 quomodo
630 2662 763 2720 Joauuea
778 2659 936 2728 Reuehlin
953 2659 995 2719 sit
1013 2680 1071 2739 por
1089 2679 1145 2720 vos
1163 2678 1240 2718 cou-

17 2800 20 2830 ἰ
110 2751 214 2829 fuam,
235 2766 289 2816 aut
308 2779 366 2837 per
385 2761 512 2841 Papam.
573 2759 657 2838 Quia
684 2757 746 2839 jam
768 2759 910 2820 fecerunt
930 2779 1042 2819 novam
1062 2758 1239 2818 facultatem
1332 2813 1336 2820 ,

17 2901 21 2932 ÷
109 2854 193 2914 ultra
214 2854 289 2914 alias
314 2867 446 2936 quatuor
474 2861 649 2932 facultates,
686 2878 762 2936 quas
787 2857 849 2938 jam
870 2856 1047 2930 habuimus,
1082 2868 1112 2916 et
1135 2875 1241 2914 omnes

17 3111 22 3133 Σ
107 3069 173 3110 non
194 3063 305 3112 curant
319 3056 458 3135 ‘amplius
479 3058 655 3118 facultatem
667 3059 855 3132 Artisticam,
878 3076 915 3114 eo
930 3055 1013 3135 quod
1027 3055 1158 3115 Artistae
1169 3062 1241 3113 suut

107 3149 152 3208 ita
173 3150 278 3229 magiri
309 3165 341 3211 ct
369 3156 495 3234 superbi
516 3157 613 3230 asini,
651 3158 707 3237 qui
736 3177 798 3218 non
827 3156 924 3215 sciant
950 3155 1012 3215 tria
1033 3165 1086 3214 aut
1107 3161 1239 3233 quatuor
1347 3173 1353 3186 ·

110 3247 205 3318 verba
223 3247 319 3309 latine
338 3252 443 3331 loqui:
485 3264 516 3315 et
534 3253 633 3329 vach,
667 3256 741 3315 illae
759 3255 873 3315 bestiae
893 3254 1042 3314 seducunt
1062 3253 1167 3330 plures
1187 3249 1240 3306 in-

105 3356 254 3407 nocentes
275 3346 419 3426 juvenes,
441 3353 495 3432 qui
511 3365 671 3434 postquam
690 3356 813 3434 longam
836 3361 963 3412 aetatem
984 3350 1174 3416 contrivere,
1207 3358 1239 3404 et

105 3443 195 3522 quasi
216 3444 354 3508 immersi
374 3449 409 3509 in
430 3450 510 3510 hanc
531 3454 630 3514 omnis
641 3455 801 3516 barbariae
820 3469 951 3530 nequam
971 3446 1164 3512 sententiam,
1185 3463 1238 3503 rc-

20 3541 23 3616 ᾗ
107 3542 238 3604 deantes
259 3547 295 3606 in
313 3558 455 3629 paternas
474 3552 578 3627 aedes,
599 3553 682 3613 nibil
702 3563 829 3634 possunt
848 3557 986 3630 praetor:
1008 3544 1164 3626 arguitur,
1185 3562 1238 3602 rc·

106 3641 297 3721 spondetur,
320 3649 498 3728 quaeritur,
519 3651 637 3711 dicere:
672 3672 807 3733 quorum
827 3649 884 3709 Dii
899 3650 1076 3711 Tateretus,
1107 3641 1234 3713 Vereor,
1317 3647 1319 3653 '

105 3736 294 3814 Prcversor,
322 3747 514 3823 Buridanus,
547 3751 773 3826 Bruxellenais,
813 3759 844 3810 et
862 3747 896 3807 id
917 3763 1012 3826 genus
1032 3740 1147 3802 similes
1167 3748 1238 3797 tar-

18 3859 20 3886 :
106 3837 165 3898 bae
186 3841 334 3906 obscurae
351 3857 432 3908 suut.
472 3849 528 3910 Est
546 3862 650 3910 tamen
671 3852 802 3925 mirum,
824 3844 906 3929 quod
926 3863 1005 3904 unus
1023 3839 1237 3918 simplexsta-

103 3936 258 4003 densant
278 3954 427 4008 cornutus
447 3948 517 4010 vult
537 3952 607 4030 plus
626 3950 705 4012 scire
724 3947 838 4031 jamin
858 3941 1037 4015 Aristotele,
1058 3957 1150 4019 quam
1158 3937 1236 3996 Bac-

106 4037 348 4118 calaureandus,
391 4055 446 4106 aut
467 4049 708 4130 Magistrandus,
749 4047 804 4127 qui
823 4043 943 4106 audivit
962 4058 1104 4116 cursum,
1147 4043 1236 4096 otest

106 4134 186 4196 bene
207 4141 412 4217 qualificatus.
452 4145 516 4228 lpsi
538 4150 630 4209 etiam
654 4167 717 4208 uon
737 4158 809 4208 aunt
828 4139 1046 4206 reverentialcs
1067 4132 1234 4215 Magistris,

107 4243 138 4293 et
159 4238 285 4314 quaudo
304 4252 377 4303 aute
397 4263 495 4306 unum
517 4247 650 4322 vadant,
694 4269 758 4308 non
775 4245 908 4327 'tangunt
926 4239 1076 4300 birrctum
1089 4277 1099 4312 ,
1142 4232 1236 4312 (sicut
