2872 4722
169 339 276 452 Ι108
500 425 502 439 ,
579 339 975 402 EPISTOLAE

212 512 355 578 parcere,
374 501 502 576 propter
519 477 685 574 justitium,
719 503 751 556 et
770 493 868 576 aliqui
887 494 1018 558 Jurietae
1038 508 1069 557 et
1094 493 1235 558 curiales
1253 515 1346 576 rogu-

213 603 328 656 verunt
348 613 405 673 pro
427 613 473 653 eo.
522 595 562 653 Et
583 590 714 652 Domini
734 593 875 673 Magistri
897 594 1066 670 dixerunt,
1100 595 1185 674 quod
1211 593 1346 658 nonest

212 693 376 776 possibile,
397 691 470 772 quia
491 691 605 752 habent
626 700 753 764 statuta,
781 701 813 752 et
829 694 999 754 secundum
1018 702 1131 770 statute
1152 693 1243 754 debet
1260 694 1345 754 rele-
1419 698 1421 707 '

213 791 289 874 gari.
330 792 370 852 Et
389 788 473 871 quod
494 797 543 872 cst
558 790 718 865 mirabile,
736 791 830 850 etiam
850 792 1000 872 Princeps
1019 778 1129 873 petivit
1142 793 1207 872 'p'ro
1228 813 1285 867 eo,
1315 801 1347 853 et

212 890 295 954 nihil
312 888 407 969 juvit:
448 889 521 968 quia
541 889 690 950 dixerunt
715 888 755 949 ad
781 890 920 965 Ducem,
960 891 1044 972 quod
1072 900 1193 972 oportet
1219 911 1346 952 serrare

213 999 324 1054 statuta
346 984 577 1060 Universitatis,
605 988 678 1068 quia
698 998 810 1050 statuta
829 989 864 1050 in
883 989 1091 1050 Universitute
1109 1000 1183 1051 sunt
1204 989 1283 1050 sicut
1303 990 1346 1048 li-

213 1099 321 1171 gatura
338 1087 374 1146 in
393 1087 489 1148 libro:
532 1087 619 1167 quia,
640 1088 666 1146 si
688 1087 820 1170 ligatura
842 1109 905 1149 non
927 1099 1023 1161 esset,
1058 1098 1134 1150 tunc
1154 1090 1232 1151 folia
1254 1089 1345 1149 ocde-

212 1198 283 1250 reut
306 1186 490 1250 hincinde:
533 1196 564 1246 et
585 1187 612 1244 si
633 1196 746 1248 statute
766 1207 831 1248 non
853 1198 968 1260 essent,
990 1197 1065 1247 tunc
1082 1208 1147 1249 non
1167 1199 1246 1249 esset
1266 1189 1345 1248 ordo

212 1287 248 1348 in
277 1286 504 1359 Universitate,
540 1295 572 1345 et
598 1287 755 1367 supposita
783 1296 900 1348 starent
919 1287 954 1346 in
978 1285 1145 1362 discordia,
1181 1298 1212 1348 ot
1234 1285 1347 1376 fierent
1422 1357 1423 1360 Ἴ

213 1385 380 1449 confusum
400 1385 512 1446 chaos:
551 1404 624 1464 ergo
648 1385 774 1446 deberet
793 1405 962 1466 procurare
981 1386 1098 1446 bonum
1119 1385 1344 1457 Universitutis,
1422 1415 1423 1438 1

213 1487 293 1548 sicut
312 1485 435 1546 fecisset
453 1495 541 1566 pater
560 1505 643 1544 sutus.
684 1485 775 1546 Tunc
794 1485 943 1566 Princeps
967 1483 1107 1565 permisit
1133 1485 1193 1546 sibi
1217 1505 1345 1565 persuu-

214 1587 306 1658 dere,
326 1595 357 1645 et
379 1584 467 1659 dixit,
489 1583 573 1664 quod
592 1604 657 1644 non
677 1592 779 1678 potest
798 1584 901 1644 fecero
922 1595 1028 1644 contra
1045 1583 1295 1656 Universitatem,
1313 1593 1345 1644 ct
1422 1605 1423 1620 ¹

215 1684 300 1766 quod
320 1684 437 1764 expetit
457 1683 538 1763 plus,
561 1683 648 1763 quod
668 1704 749 1746 unus
767 1685 938 1764 relegatur,
961 1703 1053 1764 quam
1074 1684 1158 1764 quod
1178 1692 1243 1743 tota
1261 1679 1346 1744 Uni·
1422 1711 1423 1726 π

214 1784 342 1846 versitas
363 1782 480 1863 patitur
498 1783 684 1843 scandalum.
740 1785 781 1845 Et
805 1781 937 1843 Domini
956 1783 1098 1864 Magistri
1127 1782 1257 1843 fuerunt
1287 1802 1346 1862 op-

215 1883 290 1944 time
310 1882 462 1958 contenti,
487 1894 517 1940 et
538 1882 715 1944 dixeruuts'
741 1884 878 1943 Domine
896 1882 1064 1963 Princeps,
1088 1883 1158 1942 Deo
1176 1882 1288 1962 gratiss
1307 1882 1345 1940 de

214 1989 297 2048 bona
316 1982 451 2045 Iustitia!
491 1983 533 2041 Et
551 1969 665 2042 Recto'r
686 1982 782 2044 affixit
803 2001 902 2042 unum
922 1976 1102 2043 mandatum
1122 1980 1157 2040 in
1171 1981 1269 2042 vulvis
1286 1981 1345 2041 Eo-

120 2069 124 2082 *
216 2085 342 2157 clasiae,
368 2082 452 2163 quod
471 2082 716 2163 Esticampiunus
738 2091 783 2142 est
804 2082 956 2160 relegatus
976 2082 1015 2142 ad
1037 2082 1142 2142 decem
1166 2098 1280 2142 annosa
1315 2089 1346 2139 et
1422 2063 1423 2116 ἶ

216 2186 373 2248 auditores
393 2181 442 2242 sui
463 2183 607 2242 fecerunt
627 2183 724 2243 multa
745 2181 854 2254 verba,
876 2191 907 2240 et
927 2180 1091 2254 dixerunt,
1112 2180 1196 2261 qnod
1215 2177 1347 2239 Domini

216 2287 255 2346 de
279 2282 411 2344 concilio
442 2282 586 2342 fecerunt
610 2281 758 2361 injuriam
785 2281 1029 2361 Esticampiano,
1055 2281 1110 2341 sed
1135 2277 1347 2361 ipsiDomini

216 2385 384 2456 dixerunt,
403 2381 487 2461 quod
507 2401 571 2440 non
591 2381 709 2443 vellent
730 2382 804 2442 dare
825 2401 924 2440 unum
944 2379 1073 2441 obulum
1092 2401 1152 2462 pro
1167 2399 1219 2440 eo:
1239 2388 1271 2438 et
1286 2377 1346 2436 uli-

216 2485 271 2565 qui
293 2481 451 2543 domicelli
473 2479 634 2555 dixerunt,
670 2480 754 2561 quo'd
773 2478 1016 2559 Esticanspiauus
1038 2481 1134 2541 vellet
1153 2480 1242 2540 istam
1260 2479 1347 2558 inju-

216 2586 296 2647 riam
324 2581 484 2644 vindicare
510 2589 541 2640 et
567 2581 662 2642 vellet
683 2579 778 2639 citare
808 2579 1046 2654 Universitutem
1068 2579 1108 2640 od
1132 2579 1259 2642 Curium
1279 2582 1347 2640 Ro·
1422 2597 1423 2666 ᾗ

131 2743 140 2752 ,
216 2704 347 2746 menam.
405 2683 496 2742 'Punc
515 2679 653 2759 magistri
674 2679 829 2752 riserunt,
861 2689 892 2756 et
912 2679 1073 2740 dixerunt:
1113 2681 1164 2740 Ha
1181 2679 1258 2759 quid
1271 2680 1347 2741 vel·
1422 2671 1423 2740 l

215 2787 260 2844 let
290 2783 393 2843 foccre
424 2779 482 2840 iste
508 2778 680 2838 Ribaldusl
720 2779 762 2837 Et
790 2777 905 2838 debetis
930 2758 1027 2852 scire,
1069 2779 1153 2860 quod
1180 2799 1265 2840 nuuc
1302 2788 1347 2838 est
1422 2789 1423 2822 t

216 2903 327 2962 magna
346 2876 511 2938 concordia
532 2878 565 2936 in
587 2876 803 2938 Universitutc.
844 2878 885 2938 Et
904 2875 1051 2957 Magister
1063 2878 1202 2940 Delitsclr
1223 2878 1299 2960 legit
1311 2877 1346 2938 in

216 2975 282 3050 arte
317 2975 524 3038 humanitatis.
585 2977 627 3036 Et
655 2965 800 3038 similiter
825 2976 974 3056 Magister
1009 2977 1249 3060 lintburgensis,
1291 2978 1346 3059 qui

217 3075 510 3158 composuitunum
530 3075 647 3137 librum
668 3075 801 3146 beneio
821 3075 917 3156 triplo
940 3077 984 3136 its
1005 3097 1168 3159 magnum,
1202 3074 1281 3140 sicut
1302 3089 1347 3139 cst

214 3176 369 3258 Virgilius
388 3177 422 3235 in
442 3175 585 3236 omnibus
604 3176 669 3236 suis
688 3175 842 3256 operibus.
903 3175 944 3237 Et
963 3177 1067 3258 posuit
1089 3178 1187 3238 multa
1206 3179 1288 3240 bona
1309 3177 1357 3236 in,

216 3278 273 3338 illo
293 3276 396 3350 libro,
419 3274 511 3336 etiam
530 3297 589 3356 pro
609 3276 791 3336 defensione
813 3277 843 3334 S.
856 3273 965 3336 Matris
986 3275 1149 3350 Ecclesiae,
1170 3286 1202 3337 et
1221 3277 1260 3338 de
1274 3277 1346 3336 lau·
1422 3353 1423 3358 η

217 3378 306 3440 dibus
327 3377 519 3434 Sanctorum.
538 3376 579 3434 Et
596 3375 822 3436 commendavit
842 3385 978 3436 nostram
999 3375 1239 3436 Universitatem
1254 3375 1346 3458 prin-

217 3477 377 3558 cipaliter,
399 3483 430 3534 et
450 3495 567 3538 sacram
586 3475 807 3556 Theologiam,
838 3485 869 3534 et
888 3475 1066 3535 facultatem
1086 3475 1288 3548 Artistarum,
1315 3486 1345 3533 et

216 3573 417 3656 reprehendit
429 3573 506 3659 'illos
522 3576 631 3634 Poctas
649 3575 800 3636 seculares
823 3585 853 3636 et
871 3575 1010 3656 gentiles.
1065 3575 1105 3635 Et
1123 3575 1255 3637 Domini
1272 3576 1345 3636 Ma-

216 3672 303 3756 gistri
322 3674 446 3748 dicunt,
468 3675 551 3754 qnod
571 3696 627 3735 sua
646 3683 745 3736 metra
764 3683 836 3736 sunt
855 3673 898 3734 its
917 3675 1008 3742 bons,
1028 3673 1108 3736 sicut
1127 3687 1227 3736 metro
1237 3673 1344 3754 Virgi-

90 3791 101 3802 ‘
216 3776 282 3849 lii,
308 3785 340 3846 et
360 3795 423 3835 non
446 3773 561 3834 habent
580 3775 685 3854 aliqua
703 3773 796 3848 uitia,
831 3773 904 3854 quie
923 3773 990 3854 ipse
1010 3775 1149 3854 perfecto
1169 3776 1226 3836 soit
1242 3786 1344 3836 artem

216 3875 437 3948 metrificandi,
458 3884 489 3935 et
508 3884 579 3934 ante
597 3873 709 3954 viginti
728 3893 824 3934 annos
845 3873 908 3933 fuit
927 3876 1027 3936 bonus
1047 3874 1193 3960 metrista.
1255 3878 1344 3953 Quu—
1388 3905 1389 3908 ¹

216 3985 344 4056 propter
377 3969 508 4034 Domini
530 3973 579 4033 ,de
611 3973 743 4034 concilio
776 3972 1002 4053 permiserunt,
1044 3975 1128 4056 quod
1161 3975 1228 4055 ipse
1254 3976 1346 4036 debet

217 4077 310 4136 istum
330 4069 447 4134 librum
466 4071 590 4154 publice
610 4073 712 4152 legere
730 4055 788 4154 pro
808 4059 975 4150 Terentio,
1011 4077 1084 4158 qnia
1104 4085 1150 4135 est
1169 4077 1266 4155 magis
1285 4095 1345 4134 ne-

217 4173 364 4240 cessarius
383 4193 475 4252 quum
497 4171 679 4248 Terentius,
711 4183 744 4234 et
771 4172 864 4234 habet
892 4155 1002 4236 bonam
1025 4175 1287 4236 Christianitatem
1310 4174 1344 4233 in

218 4295 277 4346 se,
298 4281 329 4352 et
348 4293 412 4334 non
433 4281 542 4336 trsotut
563 4273 601 4334 de
621 4273 834 4336 meretricibus
852 4278 885 4334 ut
904 4275 1094 4349 husonibus,
1122 4274 1201 4336 siout
1220 4250 1349 4336 ‘Percn-¹
