2872 4722
213 333 326 404 se
466 309 468 318 '
557 333 980 420 ,rrrsronir

175 555 178 566 ,
223 493 401 558 cerevisiam
410 495 621 578 *Turgentenh
643 504 674 556 et
692 491 827 555 sedimus
846 509 944 573 usque
964 490 1004 552 ed
1024 475 1145 550 tertiim
1160 488 1295 563 borum,
1319 494 1351 550 et
1415 543 1416 590 ἶ

205 586 279 672 'ego
302 594 351 654 fui
373 594 526 655 modicum
548 594 667 669 ebrius,
704 593 777 674 quie
798 591 854 651 ille
877 591 1025 653 cerevisia
1052 589 1188 650 escendit
1214 587 1295 648 milri
1316 587 1352 646 in
1415 593 1416 644 t

225 703 330 773 ceput,
349 703 423 754 tunc
438 693 500 754 fuit
518 693 563 754 ibi
581 697 672 768 unus,
692 694 747 774 qui
772 693 848 752 elios
867 709 930 750 non
951 689 1034 750 stetit
1053 692 1132 748 bene
1151 707 1293 761 mecum,
1322 695 1353 746 et
1415 713 1416 726 ¹

182 813 187 820 ·
227 811 282 871 ego
296 791 456 872 apportavi
478 792 509 850 ei
532 807 627 853 unum
649 793 785 853 medium
808 788 999 861 cantharum,
1021 798 1051 849 et
1064 791 1129 868 ipse
1141 787 1266 868 occepit.
1290 785 1352 845 Sed

226 884 330 969 postes
351 909 415 952 non
435 887 538 953 voluit
558 890 637 952 mihi
660 885 762 951 simile
783 893 895 954 facere.
934 887 975 946 Et
993 897 1043 947 ter
1062 886 1195 948 causari
1216 905 1299 958 eum,
1322 891 1353 942 et

226 1007 288 1046 non
310 988 411 1048 voluit
432 990 511 1049 milri
531 991 734 1070 respondere,
756 1001 788 1052 et
809 989 888 1050 sedit
908 1007 980 1047 oum
996 985 1132 1060 silentio,
1155 994 1185 1045 et
1204 983 1288 1043 nihil
1303 981 1352 1040 di-

227 1085 280 1144 xit.
321 1087 412 1146 Tunc
432 1107 488 1168 ego
507 1089 655 1170 cogitavi:
693 1091 775 1152 Ecce
798 1091 856 1148 iste
871 1087 952 1160 *nlius
971 1087 1090 1166 spernit
1109 1094 1159 1152 te,
1191 1093 1222 1144 et
1242 1093 1351 1142 estsu-

226 1183 354 1263 petbus,
391 1195 422 1245 et
443 1205 565 1268 semper
583 1189 653 1250 vult
674 1199 706 1249 te
728 1187 929 1249 confundere.
990 1185 1031 1245 Et
1050 1183 1099 1244 fui
1120 1181 1299 1243 commodus
1318 1181 1351 1238 iu

226 1281 274 1340 ira
293 1302 380 1358 mea,
398 1293 428 1344 et
448 1286 551 1366 accepi
573 1287 783 1362 cantharum,
800 1295 830 1346 et
853 1283 990 1367 percussi
1011 1282 1102 1342 eiad
1122 1291 1220 1363 caput.
1262 1271 1350 1340 Tunc

228 1378 282 1457 ille
304 1381 399 1441 Poeta
419 1381 479 1444 fuit
497 1384 594 1446 iratus
611 1407 705 1466 super
724 1407 789 1472 me,
811 1395 841 1445 et
861 1384 957 1458 dixit,
979 1382 1062 1462 quod
1084 1381 1223 1441 fecissem
1245 1399 1351 1442 rumo-

228 1496 294 1566 rem
314 1481 349 1539 in
372 1481 463 1541 domo
483 1504 556 1558 sue,
588 1495 618 1544 et
638 1485 732 1560 dixit,
767 1484 912 1544 deberem
941 1482 1028 1542 exire
1056 1482 1095 1540 de
1121 1481 1212 1540 domo
1239 1499 1297 1538 suu
1319 1477 1352 1535 in

228 1578 485 1642 nominediuboli.
512 1585 602 1644 Tunc
613 1604 667 1664 ego
675 1583 838 1665 respondi:
856 1582 942 1661 Quid
949 1590 1081 1653 tuncest,
1096 1579 1123 1638 si
1131 1579 1201 1640 estis
1209 1577 1353 1636 inimicus
1416 1613 1417 1654 5

229 1695 325 1751 meus,
343 1698 398 1759 ego
414 1681 492 1741 bene
500 1681 595 1742 habui
606 1683 650 1742 ita
659 1685 757 1742 malos
771 1683 913 1742 inimicos
922 1723 931 1755 ,
945 1681 1024 1740 sicut
1033 1699 1088 1740 vos
1096 1679 1183 1750 estis,
1204 1687 1353 1738 ettamen
1416 1715 1417 1748 ,

229 1777 468 1858 munsiprueeis.
491 1781 576 1858 Quid
584 1791 657 1842 tuuc
665 1792 723 1856 est,
738 1781 829 1842 etiam
838 1781 865 1841 si
876 1780 946 1840 estis
956 1781 1051 1838 Poeta
1058 1820 1068 1851 ‚
1083 1798 1139 1858 ego
1153 1776 1252 1844 hrbeo
1263 1775 1354 1835 etiam

230 1873 348 1950 Poetae,
368 1877 422 1957 qui
443 1889 515 1938 sunt
535 1880 627 1940 emic'i
646 1882 718 1955 moi,
743 1891 773 1940 et
784 1891 856 1942 sunt
876 1881 955 1939 bene
972 1877 1108 1938 iteboni
1124 1877 1280 1947 sic'utvos,
1302 1893 1354 1954 ego
1416 1867 1417 1902 ³

229 1971 309 2032 bene
330 1975 502 2038 merdtrem
520 1979 554 2039 in
565 1980 877 2042 vestrem‘Poetriam.
926 1975 1013 2054 Quid
1041 1973 1185 2034 creditis?
1227 1973 1353 2054 putetis,

231 2072 314 2150 quod
335 2095 390 2154 ego
411 2097 478 2136 sum
500 2079 626 2153 stultus,
663 2081 714 2140 vel
735 2079 907 2159 quodsum
926 2085 1015 2135 natus
1036 2095 1130 2155 super
1154 2072 1297 2132 arborem
1315 2075 1356 2130 si·

176 2210 179 2216 ·
232 2181 284 2231 cut
303 2176 416 2252 poma?
437 2178 528 2238 'l'unc
549 2177 673 2241 vocavit
693 2197 744 2237 me
764 2178 901 2249 usinum,
923 2185 953 2236 et
973 2171 1070 2248 dixit,
1090 2173 1173 2254 quod
1194 2191 1250 2252 ego
1274 2173 1356 2232 nu'n-

234 2291 325 2350 quam
347 2275 413 2336 vidi
434 2279 686 2338 unumsPoetem.
727 2279 766 2337 Et
782 2298 836 2358 ego
852 2275 936 2349 dixi,
957 2282 1056 2334 tumet
1076 2291 1108 2331 es
1127 2273 1230 2331 asinus
1242 2271 1275 2330 in
1289 2281 1357 2330 cute

234 2364 303 2444 (Μ,
324 2394 379 2452 ego
401 2375 467 2436 vidi
488 2378 566 2437 bene
586 2377 690 2458 plures
706 2378 815 2436 Poetae
837 2395 929 2456 quam
953 2356 1058 2458 tuiet
1078 2371 1144 2432 dixi
1165 2370 1204 2430 de
1223 2371 1312 2431 vobis
1327 2379 1358 2430 et

235 2467 273 2528 de
287 2471 433 2553 Magistro
447 2486 552 2537 nostro
570 2477 681 2557 Sotphi
696 2477 731 2536 in
742 2477 835 2537 bursu
845 2474 875 2552 *)
896 2474 1014 2546 Kneek,
1036 2472 1091 2552 qui
1104 2469 1277 2550 composuit
1290 2469 1359 2550 glo-

235 2588 299 2629 eum
317 2575 500 2650 notabilem,
534 2586 564 2636 et
594 2576 633 2635 de
654 2576 791 2636 Domino
812 2577 948 2653 Rutgero
969 2551 1142 2632 Licentidlo
1169 2568 1360 2650 Theologiee

234 2667 273 2728 in
290 2670 381 2731 burso
399 2674 536 2742 Montis,
573 2684 604 2735 et
624 2675 669 2734 sic
691 2674 777 2733 exivi
796 2672 922 2731 dentum
943 2691 1047 2743 suam,
1084 2678 1114 2728 et
1131 2667 1231 2727 adhuc
1250 2687 1359 2728 sumus
1417 2685 1418 2698 ¹

234 2765 364 2828 inimici.
405 2771 603 2852 Quapropter
622 2792 763 2852 rogovos
781 2771 872 2832 valde
893 2770 1086 2844 cordialiter,
1123 2775 1273 2847 quatenus
1293 2769 1360 2829 vel-

232 2863 303 2924 letis
325 2868 405 2928 milri
424 2872 520 2931 semel
537 2871 671 2932 seribere
691 2891 789 2931 unum
809 2871 992 2944 dictamen,
1006 2881 1080 2930 tunc
1108 2885 1164 2946 ego
1193 2865 1267 2926 volo
1287 2863 1361 2927 huic

236 2965 348 3028 Poetae
370 2980 400 3028 et
419 2971 489 3032 dliis
508 2971 669 3043 ostendere
681 3013 691 3047 ,
721 2983 752 3030 et
773 2971 846 3032 volo
865 2968 992 3052 gloriari
1001 3010 1013 3044 ,χ
1050 2966 1133 3049 qnod
1154 2961 1224 3026 estis
1244 2967 1360 3028 amicus

306 3271 332 3339 l)
349 3258 438 3327 Bursa
461 3272 544 3342 (anch
566 3277 652 3342 Arca,
683 3271 818 3350 ταμιὲῒρν,
846 3271 1087 3346 Gazophylser'um)
1112 3279 1210 3346 nsnnte
1230 3285 1294 3323 men
1318 3272 1361 3323 ein

239 3356 430 3432 geminum,
447 3361 621 3430 Wohuhuus,
641 3361 688 3414 dus
706 3379 765 3412 zum
781 3361 938 3414 Gebrauche
952 3361 1001 3412 der
1014 3357 1211 3425 Scholastilrer,
1227 3357 1361 3408 birsicht-

238 3436 295 3488 licb
313 3435 361 3492 des
380 3443 518 3512 tiglichen
539 3447 692 3498 Unterhelts
711 3447 778 3497 oder
801 3447 869 3497 auch
895 3463 954 3496 zum
972 3442 1073 3494 bebufe
1091 3441 1140 3492 der
1153 3443 1361 3517 Neugeteuften,

239 3517 340 3576 welche
364 3521 453 3580 hierin
472 3525 675 3600 Unterweisung
698 3531 863 3600 empfingen,
894 3547 947 3581 von
970 3527 1101 3578 frommen
1118 3521 1221 3576 Leuteu
1241 3525 1362 3592 gestiftet

241 3607 349 3660 worden
367 3625 430 3664 wer.
481 3615 517 3666 Es
536 3613 587 3682 gab
605 3621 703 3668 Bursao
721 3609 840 3678 cellarii,
865 3612 1017 3674 cotidiana,
1045 3608 1217 3659 minutiorum
1234 3607 1361 3671 brevium,

241 3689 357 3758 luqueti,
377 3696 512 3762 fabricae,
531 3713 657 3752 novarum
674 3708 874 3768 acquestumm,
893 3697 1029 3756 obituum,
1046 3693 1121 3758 lure,
1140 3691 1210 3743 nach
1226 3693 1362 3744 verschie-

242 3773 331 3828 denen
346 3779 539 3834 Bedbrt‘uissen
564 3785 612 3835 des
628 3786 744 3837 Lebens.
795 3783 891 3850 Spiter
915 3779 986 3830 werd
1011 3777 1102 3828 dieser
1118 3776 1292 3827 Nume'uucb
1310 3775 1363 3826 sol-

243 3858 313 3913 chen
328 3861 552 3935 Verbindungen,
572 3868 785 3922 Konventickeln
803 3866 858 3916 und
871 3862 1030 3930 Kollegien,
1055 3860 1100 3912 die
1117 3859 1193 3912 nicht
1208 3859 1364 3926 genebmigt

243 3939 312 3996 oder
323 3947 446 4016 gebilligt
457 3967 560 4020 waren,
578 3953 709 4022 gegeben.
730 3954 793 4003 Man
802 3944 1021 4000 nunnteBursnrii
1031 3945 1082 3996 elle
1091 3943 1364 4012 dieJenigeuSeholu-

244 4045 292 4080 ren
306 4031 355 4082 sul
369 4029 573 4100 ilocbschulen,
591 4036 692 4088 welche
710 4051 755 4085 aus
773 4033 826 4084 den
843 4035 944 4082 Bursen
961 4028 1120 4098 Stipendien
1141 4045 1174 4078 zu
1187 4028 1365 4091 Fortsetzuug

244 4107 321 4164 ihrer'
339 4111 451 4170 Studien
474 4117 606 4188 beregen.
655 4115 758 4170 Unsere
785 4111 920 4168 Burschen
943 4109 998 4166 und
1022 4109 1283 4164 Burschenschalten
1306 4105 1365 4160 siud

113 4251 115 4258 ‚
139 4252 143 4264 ι
245 4187 351 4261 hierem
369 4199 461 4270 spicer
480 4202 649 4276 entstsnden.
682 4200 737 4253 Der
751 4193 900 4280 Vorsteher
917 4199 990 4252 eines
1008 4193 1119 4250 soleben
1137 4194 1254 4260 Hermes,
1270 4192 1365 4247 Kolle·

246 4281 329 4350 giums
348 4277 560 4340 ouer'veretnes
577 4284 649 4340 hiess
663 4285 761 4368 Bmeue
779 4282 914 4386 megister.
