2840 4718
184 291 258 368 ata·
317 261 332 366 ’.
458 295 930 370 mnrrsroun
1044 347 1047 350 .

184 473 278 540 ῳιιι
293 451 441 522 Lorarii.
469 489 474 500 ·
500 452 627 524 Deinde
645 469 776 538 regnum
806 456 859 520 isti
883 456 1063 527 videbatur,
1109 453 1240 524 invitari
1262 479 1319 540 per
1375 433 1380 450 ¹

182 555 338 632 Bidcllas,
366 575 446 635 quoa
463 565 593 630 vocant,
619 555 748 618 adulari
766 557 915 640 Magister
935 569 1063 630 noster,
1090 558 1200 620 sedere
1222 561 1321 622 subli-

182 655 245 720 mis
262 655 299 720 iu
317 653 445 724 ecbola,
475 667 511 718 ut
531 653 667 734 crepitus
686 665 718 718 et
733 657 835 738 pedor
854 659 970 740 pedum
988 658 1152 740 perveniat
1168 659 1212 720 ad
1234 659 1322 740 capi-

113 757 115 762 ’
184 767 217 820 ta
228 755 504 820 Bacmlaureoraar
521 770 557 816 ac
572 755 794 836 Magistrorruu
812 776 878 822 non
896 769 1095 824 nostrorum.⁴
1123 759 1212 820 Haec
1225 757 1320 820 homo

183 856 303 920 maudo
325 867 465 918 mortuus
483 854 602 917 scilicet
620 867 819 920 contemmere
838 877 902 922 nou
924 857 1033 938 potuit.
1094 860 1135 920 Et
1155 859 1231 922 ride
1252 861 1321 919 Ho-

182 956 279 1020 minis
301 953 545 1036 impudentiam,
564 953 618 1035 qui
639 955 706 1036 ipse
726 954 806 1036 fugit
823 956 948 1034 domum
964 969 995 1018 et
1014 956 1199 1038 religionem
1222 979 1319 1032 suem,

182 1055 336 1120 reformet
355 1054 418 1116 alia
439 1053 652 1116 monasteria?
674 1054 751 1118 alios
771 1055 938 1118 iucludet?
959 1078 1055 1138 quum
1074 1057 1141 1138 ipsc
1161 1076 1228 1118 non
1249 1067 1321 1138 pot-

183 1153 335 1217 estserae
355 1152 523 1216 alaeam
544 1154 652 1217 domus
671 1175 755 1220 auae.
816 1155 879 1220 Sed
901 1166 1004 1216 tamen
1033 1157 1152 1218 interea
1172 1177 1321 1238 prospec-

182 1263 252 1315 tum
273 1260 340 1316 eret
359 1251 447 1312 educi
464 1253 578 1330 ventri,
599 1264 633 1316 et
651 1254 751 1318 bibsci
771 1255 879 1335 galae,
906 1268 999 1337 atquc
1018 1257 1110 1318 etiam
1133 1256 1229 1317 salaci
1247 1255 1319 1320 πέει.
1359 1309 1364 1320 .

181 1355 266 1417 Nam
290 1371 377 1414 nunc
405 1352 541 1432 jucunde
575 1353 738 1414 deliciatur
767 1355 817 1416 vel
842 1373 913 1420 cum
941 1355 1035 1418 sacris
1066 1355 1255 1435 virginibus,
1293 1356 1320 1414 si

183 1453 296 1516 desum
315 1463 485 1514 mamonae.
527 1453 568 1512 Et
601 1453 690 1527 vide,
720 1473 826 1534 quam,
839 1453 934 1516 bomo
962 1465 1106 1516 suenrus
1132 1475 1198 1514 nou
1218 1455 1319 1516 defait

182 1548 370 1636 praiaaiioni
388 1570 471 1632 auae.
520 1553 599 1612 Mox
620 1571 730 1632 magna
752 1554 1047 1634 pecuniacongssta
1077 1575 1118 1615 ex
1137 1554 1320 1616 interversis

181 1651 386 1724 testamentis,
419 1669 460 1712 ex
475 1645 677 1731 impudenter
696 1653 879 1733 praedicatis
899 1653 1021 1726 veniis,
1058 1673 1099 1712 ex
1117 1652 1320 1732 compositio-

180 1752 290 1826 nibus,
309 1769 350 1808 ex
369 1748 597 1830 intempestivis
617 1751 863 1826 adulationibus,
892 1751 1006 1833 quibus
1024 1751 1108 1812 iuter
1127 1752 1317 1812 conciones<

182 1852 257 1914 dum
291 1848 460 1910 mulierum
487 1859 519 1908 et
544 1851 681 1913 maxime
716 1851 894 1912 vetularum.
918 1851 1038 1912 animos
1075 1850 1135 1910 sibi
1169 1849 1318 1910 devincit.

181 1953 235 2014 Ex·
245 1947 414 2030 hypocrisi,
434 1947 579 2028 adquam
593 1969 627 2010 se
647 1959 747 2010 totum
767 1950 935 2030 componit,
956 1950 1065 2014 nidum
1088 1948 1232 2010 exunxit
1250 1951 1318 2010 Lo-

181 2049 288 2123 venii,
313 2047 454 2110 futurum
481 2049 701 2111 monasterium
721 2037 971 2112 carmelitarum.
1026 2049 1122 2127 Quasi
1144 2068 1259 2128 parurn
1277 2048 1317 2108 sit

180 2147 362 2230 lurjusrnodi
385 2148 670 2210 mendicabulorum
692 2149 885 2224 ociosorum,
916 2148 1027 2230 quibus
1047 2147 1181 2208 mundus
1203 2167 1318 2228 grava-

180 2258 235 2312 tur
253 2247 397 2311 nimium·
435 2248 502 2310 Nec
522 2246 574 2308 his
591 2257 752 2309 contentas
772 2268 944 2330 cauponem
964 2249 1040 2329 egit,
1069 2247 1126 2309 alit
1145 2248 1233 2306 domi
1254 2267 1318 2306 nou

179 2369 311 2432 paucos,
352 2349 409 2409 alit
426 2368 559 2428 pueros,
599 2368 675 2430 quos
702 2347 810 2408 doceat
835 2347 919 2410 nihil
938 2348 1035 2426 asinae
1073 2347 1230 2428 siquidem
1258 2366 1315 2426 pro

180 2448 391 2512 Grammatico
423 2446 572 2529 praelegit
606 2445 669 2508 illis
711 2448 885 2509 Salomonis
924 2445 1099 2527 proverbia.
1160 2445 1203 2508 Et
1231 2445 1317 2508 lsunc

180 2559 362 2632 quaestum,
397 2545 451 2629 qai
472 2548 586 2608 multoe
606 2546 662 2608 alit
689 2544 843 2622 Lorarii,
877 2545 973 2608 homo
992 2545 1174 2632 insatiabilis
1195 2545 1319 2626 praeri-

179 2649 237 2734 pit.
290 2649 424 2710 Enarrat
451 2645 535 2712 idem
555 2644 640 2706 domi
668 2645 869 2728 psalterium,
904 2647 939 2708 iu
967 2667 1030 2728 quo
1050 2665 1166 2708 nortun
1186 2646 1318 2724 praebet

179 2747 339 2810 artificem
392 2747 474 2808 Nam
495 2745 645 2827 psalmos,
666 2765 727 2826 nea
744 2747 783 2808 ab
806 2747 930 2820 eodem,
961 2765 1020 2808 nec
1043 2745 1153 2806 eodem
1172 2755 1317 2825 tempore

178 2849 309 2931 scriptos
338 2844 383 2907 ita
411 2849 546 2909 obtortos
573 2846 743 2922 connectit,
778 2846 1001 2910 veludunum
1026 2846 1092 2908 lino
1118 2853 1314 2917 connectens,

179 2947 268 3033 quasi
280 2955 441 3008 contextas
457 2947 497 3007 sit
513 2944 696 3015 continuus,
717 2967 769 3010 aaa
787 2947 994 3010 emmatiouca
1012 2946 1134 3021 condit,
1154 2965 1213 3007 rao
1229 2963 1316 3004 more

179 3045 346 3120 virulentia
368 3043 640 3127 obtrectationibus
659 3043 694 3108 iu
716 3057 868 3121 oratores,
888 3045 924 3108 in
942 3047 1088 3129 policiana
1108 3043 1263 3119 dictioma
1280 3044 1315 3104 in

180 3151 314 3235 Graecas
341 3145 492 3222 Litteras,
534 3155 566 3206 ct
593 3143 768 3208 litterarum
791 3143 941 3210 studiosos
951 3169 1079 3228 *semper
1099 3147 1220 3226 aliquid
1240 3165 1315 3208 evo-

178 3270 287 3326 mens,
305 3247 361 3310 tali
378 3245 482 3328 stipite
503 3243 641 3325 dignam.
705 3245 850 3324 Quodam
872 3247 923 3308 die
942 3248 1026 3329 apud
1048 3245 1315 3332 Vestales'vVirgi-

178 3369 249 3412 nea:
272 3346 349 3428 qaid
370 3357 415 3410 eat
435 3345 571 3428 (inquit)
595 3343 738 3428 poetria?
778 3344 861 3410 nihil
881 3345 965 3408 aliud
986 3369 1078 3430 quam
1099 3347 1138 3409 eit
1159 3345 1258 3427 loqui,
1278 3355 1313 3406 ut

177 3450 351 3530 loquuntur
377 3445 413 3511 in
438 3444 590 3528 lupanari.
648 3446 719 3507 Hoc
732 3456 910 3527 portantum
939 3457 971 3509 et
999 3449 1132 3512 oderunt
1159 3457 1190 3508 ct
1211 3447 1314 3508 rident

178 3548 272 3610 etiem
291 3545 347 3608 alii
366 3544 528 3630 Theologi.
568 3544 632 3610 ssd
651 3555 754 3610 tamen
763 3555 928 3628 postquam
949 3546 1174 3629 conspirassent
1191 3547 1228 3608 in
1245 3567 1314 3606 me·-

177 3649 273 3712 liorea
300 3646 425 3724 Ιὶὶοτιι,
454 3645 564 3728 ώιιω
585 3655 631 3708 eat
654 3644 718 3706 illis
748 3643 843 3721 utile,
878 3655 915 3708 nt
933 3645 974 3708 ad
992 3647 1073 3710 banc
1093 3646 1245 3726 agendam
1263 3646 1313 3707 fa-

177 3735 288 3812 bulam
308 3746 395 3814 huuc
416 3746 617 3820 histrionem,
637 3758 691 3810 aut
710 3745 814 3829 potius
833 3745 991 3829 Cyclopea
1013 3747 1214 3823 adhiberent,
1246 3757 1311 3806 stu-

127 3868 128 3875 *
177 3848 305 3934 pidum,
324 3846 552 3928 impudentem,
571 3843 753 3922 clamosum,
774 3845 981 3929 pertinacem,
1003 3845 1169 3915 furiosum.
1230 3845 1310 3906 Nam
1412 3837 1413 3840 '

177 3946 275 4016 animi
294 3946 438 4009 furorem
456 3967 522 4008 non
542 3945 644 4012 solum
662 3946 781 4022 verbis,
823 3946 878 4012 sed
895 3957 926 4006 et
943 3946 1011 4030 ipso
1030 3947 1139 4022 vulta,
1180 3945 1310 4028 ipsoque
1412 4023 1413 4028 ἵ

177 4047 300 4108 incessu
321 4044 471 4108 declarat:
511 4041 548 4106 in
570 4065 709 4123 samma,
747 4040 931 4111 descura
949 4045 1138 4112 adderentur
1155 4046 1311 4109 auriculae
1412 4095 1413 4122 ,

177 4165 251 4207 oum
271 4141 471 4220 dafinabilis,
501 4135 587 4206 nibil
604 4142 640 4206 iu
659 4163 697 4206 ac
716 4141 914 4210 derideraras.
952 4148 1024 4208 Hoc
1037 4181 1038 4186 κ
1051 4141 1147 4227 igitur
1165 4145 1312 4210 Marione

178 4253 252 4304 ,unt
270 4240 358 4302 esus
376 4241 412 4304 sn
430 4243 481 4312 su
501 4241 642 4326 pmcn
660 4245 796 4326 usuro,
816 4259 892 4330 qua
911 4247 1060 4329 ,uuum
1075 4243 1134 4310 esi
1151 4245 1311 4308 secem
1412 4225 1413 4316 ἰ
