2896 4716
214 317 276 386 194
356 253 359 275 1
476 312 478 322 ’
572 313 973 386 'uetsuoL-An

134 511 136 516 .
215 495 291 562 ergo
306 473 451 535 volumus
473 471 651 550 emendare,
667 472 757 555 ,quot
776 472 908 540 dicimus
928 473 1032 538 recte?
1059 471 1241 551 Advertatis,
1261 472 1337 556 qnia

215 588 260 636 est
279 560 420 654 'quaestio
440 574 573 655 multum
589 572 731 635 difficilis.
764 573 828 633 'Et
848 574 988 652 quamvis
1008 574 1142 653 pertinet
1161 575 1201 634 nd
1221 577 1336 636 Gram-

213 673 382 746 anntiealia,
402 682 506 733 tamen
527 671 620 731 etiam
640 671 744 752 plures
765 671 911 751 Magistri
927 671 1025 732 nostri
1043 692 1109 732 nou
1127 671 1236 748 sciunt.
1267 675 1337 734 ·Ille

166 821 169 828 .
214 793 306 855 ergo,
341 771 396 851 qui
421 779 466 830 est
485 769 739 832 inamatrieulatus
758 771 793 830 in
815 770 920 830 decem
941 768 1214 844 Universitetibus,
1240 773 1335 833 etiam

127 925 129 932 ,
212 873 252 933 ad
272 881 392 951 tempus
412 868 530 928 studuit
553 867 588 926 in
610 867 672 940 eis,
708 868 835 928 audiens
856 867 1020 941 lectiones,
1043 877 1074 929 et
1094 888 1218 929 servans
1235 861 1335 938 ¹stertu-

212 983 244 1032 ta
251 1014 261 1046 ‚
280 971 362 1032 facto
381 966 476 1028 etiam
503 979 533 1026 et
552 975 672 1028 servato
698 965 888 1045 juramento,
919 965 1067 1028 exhibens
1092 965 1243 1026 honorem
1260 969 1335 1036 ,Ma-

211 1069 313 1151 gistria
333 1079 365 1126 ct
384 1065 585 1138 Ductoribus,
620 1073 720 1144 potett
738 1065 857 1125 dicero:
887 1067 956 1145 Ego
981 1084 1050 1125 aum
1071 1065 1210 1124 membra
1228 1065 1335 1124 decern

210 1165 504 1238 Univiversitatuua,
525 1172 557 1223 et
575 1181 639 1222 non
659 1163 839 1224 membrum.
866 1179 869 1186 ·
893 1164 934 1224 Et
951 1183 1016 1223 non
1036 1171 1082 1224 est
1103 1163 1202 1224 oratio
1224 1163 1336 1224 incon-

211 1287 304 1348 grua,
324 1261 465 1344 quemvis
483 1261 525 1322 ait
549 1258 594 1319 ibi
614 1261 877 1322 disconvenientia
895 1261 930 1322 in
950 1281 1090 1322 numero.
1131 1260 1215 1338 Quia
1233 1260 1268 1322 fit
1287 1261 1336 1322 ibi

211 1363 379 1446 appositio,
401 1361 480 1421 siout
497 1359 534 1420 in
554 1357 702 1439 Virgilio:
727 1361 908 1420 Formosam
928 1370 1032 1439 pastor
1045 1359 1189 1438 Corydon
1209 1359 1336 1420 ardebat

209 1461 344 1534 Alexin,
375 1458 511 1519 Delicias
530 1457 671 1517 Domini.
696 1458 795 1536 'Quia
815 1457 861 1518 ibi
881 1458 972 1517 edam
992 1458 1115 1530 Alexis,
1144 1457 1200 1536 qui
1220 1467 1264 1518 cst
1283 1477 1335 1516 so-

210 1559 278 1620 lnm
299 1577 380 1619 unus
400 1555 548 1630 rusticus,
570 1555 684 1616 dicitur
704 1571 768 1616 esse
788 1556 927 1627 deliciae,
947 1575 1005 1638 per
1024 1555 1252 1635 appositionem.
1292 1556 1334 1616 Et

210 1655 341 1719 credatis
360 1654 457 1729 mihi,
478 1654 561 1732 quod
583 1662 627 1713 est
649 1674 712 1715 una
732 1654 882 1717 subtilitas
901 1653 992 1715 valde
1011 1653 1163 1714 notabilis.
1187 1655 1267 1734 ¹Ego
1281 1653 1334 1712 di-

209 1757 281 1832 dici,
301 1745 425 1836 quendo
443 1753 515 1814 steti
536 1752 711 1828 breniae,
724 1763 758 1814 et
778 1753 916 1814 nondum
929 1751 1214 1826 fuiBaocnlanrius,
1234 1770 1334 1830 qnan-

209 1856 249 1916 do
268 1855 344 1916 lreec
363 1850 492 1913 materia
512 1849 575 1910 fuit
594 1851 747 1931 disputata
765 1872 822 1932 per
843 1861 975 1930 quatuor
997 1851 1070 1910 dies.
1126 1850 1197 1910 Non
1217 1849 1332 1924 habea-

207 1955 246 2014 tis
265 1973 322 2033 pro
343 1950 576 2030 indignatione,
597 1952 671 2032 qaia
685 1971 725 2011 ex
737 1951 819 2012 bono
831 1952 940 2032 scripsi
953 1949 1056 2024 vobis,
1077 1958 1118 2024 et,
1127 1950 1250 2026 valete*
1261 1951 1331 2010 Da-

207 2061 274 2112 tum
286 2032 506 2112 Coniluentiae.
538 2075 544 2090 ·

353 2199 511 2293 Magister
532 2199 612 2274 bebo
642 2201 804 2276 Homlln
839 2209 887 2272 M.
909 2209 1043 2272 Ortoino
1067 2205 1185 2280 Granio.

220 2340 226 2348 ’
289 2350 403 2418 Salutis
415 2349 581 2410 maximam
602 2350 741 2431 copiam-¹,
769 2348 954 2416 venerabilis
973 2351 1133 2430 Magister:
1160 2347 1330 2418 dominatio

205 2458 308 2512 venua
329 2467 471 2529 magnam
491 2448 620 2529 gratiam
644 2449 721 2510 iecit
739 2445 833 2520 mihi,
868 2447 1018 2509 mittendo
1044 2449 1134 2508 ill-um
1160 2449 1330 2509 notabilem

204 2549 323 2609 librum
338 2549 450 2608 donno.
473 2548 689 2622 clausmors,
711 2544 765 2626 qui
779 2545 969 2612 intimlotur:
1010 2547 1186 2621 „Defensio
1202 2548 1330 2608 loannis

204 2645 404 2711 Pleiierkorn
424 2655 530 2706 contra
550 2647 711 2707 smnosas.⁴‘
767 2641 835 2724 Ego
853 2666 915 2706 non
935 2666 1059 2725 possum
1078 2645 1227 2704 admirari
1245 2646 1329 2721 sade,

206 2746 289 2826 quod
308 2745 352 2804 sic
370 2745 548 2806 notabiliter
567 2746 806 2806 etexcellenter
825 2746 879 2806 ille
894 2745 945 2808 vir
964 2743 1162 2822 reprehendit
1176 2743 1328 2821 loannem

204 2837 372 2911 Rouchlin‚
392 2853 423 2902 et
442 2843 519 2919 dixi,
537 2844 661 2924 quando
684 2844 762 2924 legi:
782 2846 840 2904 iste
870 2843 1023 2904 Reuohlin
1049 2841 1172 2913 deberet
1192 2843 1328 2904 libenter

204 2962 269 3002 esse
290 2951 437 3002 mortuus.
479 2942 540 3026 Sed
560 2942 709 3022 plebanus
729 2943 853 3022 quidam
874 2964 914 3003 ex
933 2940 1060 3015 nostr-is,
1081 2941 1180 3000 bonus
1199 2941 1329 3002 Reueh-

203 3039 323 3114 linista,
350 3059 473 3120 semper
489 3041 620 3121 opponit
640 3039 719 3100 milri
730 3082 740 3115 ,
771 3063 901 3122 arguens
918 3062 939 3101 a
960 3039 1068 3119 majori
1089 3039 1127 3098 ad
1148 3039 1269 3114 minus,
1295 3051 1327 3102 et

202 3137 273 3198 lieri
293 3147 364 3197 ante
382 3157 541 3218 vesperas,
576 3140 697 3219 quando
716 3139 766 3200 ivi
787 3161 891 3202 secum
911 3138 1094 3220 spaciatum,
1133 3137 1209 3198 liaeo
1229 3139 1327 3216 verbs

203 3235 369 3299 exiverunt
396 3237 434 3296 ab
463 3257 517 3298 ore
542 3254 615 3300 ouo:
651 3238 686 3298 Si
715 3239 867 3320 Theologi
901 3259 966 3300 non
992 3237 1194 3316 obtinuerunt
1218 3247 1327 3296 contra

201 3337 308 3399 teano.
329 3335 485 3396 Reuchlin
504 3337 539 3398 in
559 3337 720 3412 Almania,
742 3341 840 3398 multo
863 3338 965 3397 minus
983 3337 1165 3406 obtinebunt
1183 3334 1218 3394 in
1238 3335 1326 3396 curia

201 3434 359 3508 Romana,
381 3435 454 3514 quie
475 3435 509 3496 in
530 3419 620 3498 Italia
638 3449 710 3497 sunt
733 3436 901 3497 doctissimi
925 3435 1004 3510 viri,
1039 3445 1070 3494 et
1088 3433 1188 3494 statim
1207 3432 1327 3492 intelli-

200 3545 274 3614 gent
292 3533 452 3594 stultitiam
475 3544 507 3595 et
525 3536 691 3596 vanitatem
711 3527 951 3616 Theologorum,
973 3534 1046 3613 quia
1055 3535 1172 3592 Romae
1187 3553 1251 3592 non
1268 3551 1326 3591 eu-

201 3643 311 3692 rautnr
330 3631 405 3692 tales
425 3634 608 3694 Frmeariae.
650 3635 691 3695 Et
707 3629 797 3694 etiam
811 3633 907 3694 dixitt
928 3632 1030 3710 Quale
1045 3631 1168 3712 signum
1184 3637 1228 3692 est
1238 3629 1325 3691 hoc‘l

202 3731 285 3810 quod
305 3728 457 3811 Theologi
480 3751 546 3792 non
572 3733 689 3797 audem,
712 3731 888 3794 nominibus
907 3729 1044 3812 propriis
1061 3731 1196 3792 scribere
1216 3739 1325 3790 contra

201 3831 349 3902 loannem
368 3829 524 3892 Reuehlin
538 3841 568 3894 et
580 3833 793 3905 cohaerentes,
813 3849 846 3909 se
887 3829 1087 3894 subordinaut
1104 3846 1202 3890 unum
1221 3828 1324 3888 Bulo—

103 3971 107 3994 φ
201 3945 290 4002 nem,
311 3928 486 4009 quinoque
505 3929 670 4008 honomm,
691 3926 850 4011 nequabb
912 3928 1004 3988 habet
1022 3928 1166 4008 perdere,
1197 3937 1227 3988 et
1246 3926 1323 3986 huie

201 4025 379 4088 adscribunt
408 4029 527 4088 libros?
567 4031 658 4092 'luno
685 4029 829 4110 respondi
856 4047 927 4108 ego:
968 4028 1166 4091 Pteffokorn
1195 4025 1323 4106 quidem

202 4126 373 4206 composuit
394 4128 570 4203 materiam„
606 4131 662 4190 sed
679 4131 825 4210 Magister
843 4126 996 4188 Ontuiuus
1020 4135 1126 4206 postea
1143 4124 1324 4187 latinisavit.

200 4225 290 4286 Dixit
299 4223 463 4304 plebanas:
484 4227 650 4306 benessio,
663 4229 746 4309 quod
760 4228 912 4290 Ortuinus
924 4226 1095 4325 composuit
1106 4224 1166 4285 hoc
1177 4224 1321 4298 hunum,
