2872 4722
340 341 920 408 'OBSGUlel-ROR.
1153 342 1216 410 109

83 501 152 562 tina.
194 499 261 562 Voe
285 499 403 562 debetis
423 497 500 562 broc
518 519 602 562 nove
622 497 821 562 manifestere
834 499 869 560 in
884 508 986 562 vestra
996 499 1218 576 Univereitnte‚

82 611 156 660 tnnc
176 598 318 660 fortereie
348 597 442 660 etiem
467 597 521 660 fiet
540 599 585 660 aie
616 598 769 673 Eusebio,
800 597 880 660 aient
907 599 1025 660 iaetnm
1055 609 1102 661 ert
1125 604 1217 662 Eeti-

84 701 256 776 eampimeo.
297 697 433 776 Quande
454 698 575 758 mittitis
588 697 669 758 mihi
681 707 819 761 veetrum
838 697 955 758 librum
968 708 1075 759 contra
1087 695 1218 762 Reueh-

82 799 145 871 lm,
167 817 226 859 voa
247 795 351 858 dicitis
374 796 490 872 multa,
512 806 543 858 et
560 797 644 858 nihil
666 807 719 859 ert.
773 799 814 858 Et
833 794 995 878 scripsistis
1014 797 1111 874 mibi,
1124 801 1219 880 'quod

83 895 176 958 vultis
196 894 280 956 mihi
300 895 453 957 veraciter
466 897 607 972 mittere,
639 910 670 957 et
688 917 754 959 nou
773 895 883 957 facitis.
930 896 1016 958 Deus
1034 908 1140 978 parcat
1159 919 1218 959 vo-

83 997 139 1066 bis,
162 995 247 1076 qnod
267 1013 332 1054 non
352 994 480 1076 diligitis
501 1017 572 1071 me,
591 996 673 1062 aient
692 1005 723 1057 et
749 1015 812 1077 ego
826 995 923 1076 diligo
950 1015 1025 1072 voe,
1059 997 1132 1077 quia
1147 997 1219 1059 ertie
1319 1049 1322 1056 .

82 1095 163 1156 mihi
183 1093 265 1154 eieut
285 1113 340 1152 eor
360 1113 475 1154 meum.
525 1095 588 1156 Sed
607 1097 709 1158 adhuc
727 1095 854 1156 mittatis
873 1095 970 1171 mihi,
1003 1095 1076 1175 quie
1096 1097 1219 1157 deside-
1243 1089 1247 1095 ’

81 1197 130 1256 rio
150 1191 325 1253 desideravi
343 1191 405 1252 hoc
422 1193 539 1254 Peeeha
559 1195 746 1258 munducare
768 1195 944 1269 vobiscum,
977 1193 1012 1255 id
1033 1205 1096 1268 eat,
1124 1196 1219 1257 iatum

80 1295 198 1354 librum
219 1293 331 1370 legere.
371 1292 412 1352 Et
431 1293 555 1354 scribite
576 1293 657 1354 mibi
678 1293 847 1369 novitates,
875 1303 906 1355 et
925 1294 1022 1356 aemel
1042 1296 1219 1374 componite

80 1413 181 1454 nuum
204 1390 359 1452 dictamen
382 1391 436 1452 vel
461 1392 566 1473 alique
586 1403 685 1456 metra
705 1394 745 1453 de
765 1413 832 1468 me,
859 1392 887 1454 ei
906 1413 976 1454 eum
997 1391 1118 1474 dignae.
1179 1396 1220 1456 Et

79 1493 184 1554 valete
204 1489 241 1550 in
261 1489 386 1552 Christo
405 1491 542 1552 Domino
563 1492 633 1554 Deo
646 1501 768 1568 nostro,
803 1511 862 1575 per
882 1492 988 1554 omnia
1005 1493 1110 1570 secale
1130 1513 1220 1554 tecu-

79 1589 330 1666 torum,Amen.

195 1757 244 1816 Μ.
274 1757 388 1816 Patrue
408 1754 586 1834 Negele'nue
606 1755 639 1818 S.
660 1755 704 1816 D.
729 1757 778 1816 M.
795 1758 956 1837 Magistro
973 1755 1116 1817 Ortuino.

172 1889 324 1969 Quemvis
349 1889 441 1952 vuldo
460 1891 556 1952 timeo
588 1911 653 1952 ease
682 1891 727 1952 ita
753 1893 870 1968 audax,
911 1893 995 1974 qnod
1014 1894 1112 1954 debeo
1133 1893 1221 1956 vobis

80 1990 251 2053 ostendere
278 2009 374 2052 unum
405 1989 559 2055 dictamen
586 2012 605 2051 e
631 2011 683 2051 me
712 1991 935 2073 compositum,
976 1993 1050 2074 quie
1074 2013 1130 2054 voa
1149 1993 1221 2054 eetie

80 2091 177 2154 valde
190 2087 362 2150 artificialia
377 2088 412 2148 in
421 2090 642 2172 compositione
655 2101 826 2154 metrorum
841 2101 871 2151 et
883 2092 1137 2154 dictaminornm:
1158 2093 1221 2152 Sed

82 2211 139 2273 ego
148 2211 220 2250 anm
228 2187 460 2268 deotpertum,
475 2199 505 2250 et
518 2187 880 2276 eicutdicitHieremiae:
901 2192 967 2264 „A,
982 2211 1016 2263 a,
1032 2212 1050 2249 a
1059 2232 1067 2263 ,
1084 2190 1221 2250 Domine
1255 2205 1261 2232 t

81 2289 189 2351 neseio
211 2285 317 2370 loqui,
339 2286 412 2367 quie
431 2308 511 2368 puer
522 2309 591 2348 eum
612 2293 715 2372 ego:“
763 2290 905 2369 Namque
925 2309 981 2370 ego
1003 2289 1142 2350 nondum
1164 2290 1221 2349 be-

79 2391 140 2452 beo
161 2389 284 2449 bonnm
304 2385 558 2462 fundamentum,
596 2399 627 2450 et
654 2407 720 2448 non
748 2409 817 2449 aum
839 2389 977 2469 perfecte
998 2388 1165 2448 instructus
1186 2388 1221 2450 in

78 2499 148 2551 arte
170 2486 319 2548 Poetricn
341 2494 371 2546 et
390 2485 567 2548 Rhetorica.
617 2486 763 2548 Attamen
784 2489 858 2569 quia
880 2486 1000 2548 dixistio
1021 2488 1116 2564 olim,
1137 2489 1222 2569 quod
1287 2481 1295 2510 ³

77 2577 237 2652 deberem
257 2583 343 2649 vobie
362 2605 549 2668 componere
569 2585 656 2647 omni
678 2586 772 2647 modo
794 2607 891 2648 nuum
913 2607 1054 2662 carmen,
1097 2601 1128 2647 et
1147 2589 1222 2650 mit-

77 2699 153 2750 tere
171 2687 213 2746 ad
236 2705 309 2760 voa,
345 2693 419 2746 tanc
439 2685 561 2748 velletis
581 2685 661 2746 mihi
680 2686 762 2747 illud
783 2685 962 2760 emendare,
1000 2698 1031 2748 et
1051 2689 1222 2766 ostendere,

79 2787 138 2848 nbi
157 2795 236 2846 aunt
251 2784 337 2879 vitia.
388 2787 480 2846 Tune
499 2806 556 2867 ego
578 2786 711 2868 cogitavi
731 2807 848 2867 nuper:
889 2786 969 2844 Ecce
987 2785 1045 2847 itte
1065 2798 1111 2848 eet
1129 2807 1222 2869 prae-

82 2895 192 2966 ceptor
206 2893 297 2959 tum,
340 2893 372 2945 et
392 2885 471 2946 bene
490 2895 579 2966 putet
601 2896 723 2960 tecum,
767 2897 797 2948 et
823 2896 858 2947 tu
879 2886 1006 2946 deberes
1034 2887 1064 2946 ei
1085 2888 1221 2948 obedire.

81 2986 154 3065 Ipse
173 2982 268 3043 etiam
289 2993 440 3063 potestte
460 2979 646 3064 promovere
664 2985 699 3046 in
719 2985 787 3060 his,
821 2995 853 3046 et
872 2985 906 3045 in
927 2986 1087 3048 omnibus:
1134 2997 1165 3048 et
1186 2997 1222 3048 tu

82 3081 203 3164 poteria
224 3102 362 3142 creseere
382 3082 417 3143 in
439 3083 564 3144 doctum
582 3084 707 3159 virum,
747 3086 774 3145 ai
795 3072 864 3148 vult
884 3082 1041 3147 Dominus
1061 3089 1162 3160 Dens,
1192 3096 1223 3146 et

84 3191 188 3262 poteat
207 3179 266 3240 tibi
285 3181 367 3242 bene
387 3183 551 3244 succedere
570 3183 606 3243 in
628 3185 690 3270 tuia
710 3186 850 3265 negotiis.
901 3189 984 3267 Quia
1004 3187 1118 3265 legitur
1138 3187 1172 3246 iu
1198 3205 1222 3244 ι.

84 3282 167 3342 libro
192 3281 334 3360 Regum:
378 3281 475 3356 „Plus
502 3283 585 3343 velet
606 3283 799 3360 obedientia,
820 3306 913 3365 quam
933 3287 1093 3349 victima.“
1135 3286 1224 3363 Que-

85 3391 215 3462 propter
236 3379 327 3440 mitto
347 3380 437 3441 vebia
457 3381 510 3442 hic
529 3401 629 3443 unum
658 3382 773 3442 Poema
799 3404 857 3464 per
885 3405 935 3444 me
964 3384 1165 3465 compilatum
1187 3383 1222 3441 in

85 3479 211 3540 laudem
231 3478 331 3538 annoti
349 3479 452 3555 Petri,
473 3489 505 3539 et
526 3499 607 3541 unua
628 3485 840 3563 componiste,
862 3483 916 3564 qni
936 3493 983 3544 eet
1000 3485 1099 3544 bonus
1121 3481 1223 3542 Musi-

87 3599 139 3639 cua
159 3579 197 3639 in
217 3589 344 3639 centum
365 3578 487 3640 cherali
510 3579 700 3662 erigenti,
722 3583 894 3660 composuit
915 3581 995 3641 mihi
1017 3591 1151 3663 quatuor
1165 3599 1223 3640 vo-

86 3697 136 3737 eer
153 3699 251 3759 anper
269 3677 359 3755 illud.
407 3678 449 3738 Et
464 3697 520 3758 ego
541 3679 603 3739 leci
623 3702 765 3762 magnum
785 3681 994 3760 diligentiam,
1029 3679 1112 3759 quod
1133 3679 1223 3758 potui

86 3776 129 3837 ita
147 3777 329 3859 rigmieere,
360 3776 441 3838 eleut
467 3786 513 3836 eet
539 3779 748 3858 rigmizatum:
789 3780 862 3860 quie
882 3780 938 3840 ille
958 3779 1095 3839 carmina
1112 3787 1224 3838 sonant
1280 3855 1284 3860 Ι

87 3877 215 3952 melina,
235 3878 316 3938 aicut
335 3885 438 3958 partca
460 3876 632 3940 Alexandri
650 3890 723 3940 eunt
743 3881 934 3961 compilatae.
976 3879 1038 3939 sed
1060 3877 1163 3937 nescio
1182 3897 1226 3961 en¹

87 3974 202 4036 habent
219 3977 307 4038 vitia
364 3977 430 4037 voe
459 3975 575 4038 debetis
600 3978 656 4038 ille
685 3981 832 4040 acendere
850 3978 1019 4040 secundum
1039 3988 1135 4037 artem
1156 3991 1223 4034 me*

87 4075 262 4152 trifieandi,
283 4087 314 4137 et
335 4075 509 4136 emendare.
552 4075 689 4139 Carmen·
705 4099 824 4142 nevum
848 4081 892 4141 M.
910 4079 998 4140 Petri
1017 4074 1166 4160 Negelini
1187 4075 1222 4134 in

87 4172 212 4237 landem
225 4177 256 4236 S.
270 4176 358 4238 Petri
371 4174 498 4256 incipite
