2896 4716
418 267 688 327 OBSCUll.
738 267 967 356 virtuti..
1195 267 1258 330 247

122 429 155 488 ‘lo
177 425 294 484 habere
315 423 400 484 olera
421 433 451 484 et
473 401 578 504 rupeis,
601 436 631 483 et
651 425 719 484 alia.
781 425 822 486 Et
840 440 897 505 ego
927 423 1000 482 volu
1021 422 1054 482 in
1076 421 1257 502 hyemem·

126 528 197 586 dere
219 513 254 582 iu
274 525 363 582 stuba
385 543 467 596 inca,
490 534 520 582 et
541 523 680 598 studere,
710 525 793 604 quod
813 527 928 606 possim
955 527 1076 588 rusticis
1097 526 1257 607 praedica·
1366 537 1368 544 ’

48 648 58 654 ·
123 647 157 688 re
176 625 211 684 in
236 624 430 683 sermonibus
450 622 552 714 Parati
575 624 627 683 vel
648 624 814 704 Discipuli,
836 627 1000 687 ueletiam
1023 627 1057 686 in
1080 625 1190 699 Biblia,
1211 625 1256 684 ita

123 724 206 804 quod
228 743 282 782 ero
303 721 476 805 habituatus
497 723 536 780 ad
556 724 806 802 praedicandum.
847 726 887 788 Et
913 727 947 788 in
982 735 1093 785 aestate
1113 727 1185 784 volo
1208 725 1255 782 ire
1311 727 1313 732 ’

121 825 292 903 piscatum,
330 822 382 881 vel
401 822 541 880 laborare
561 822 596 882 iu
617 823 727 894 horto,
763 837 793 882 et
814 821 884 884 non'
904 827 978 887 volo
998 845 1107 886 curare
1128 825 1165 883 de
1187 823 1255 882 bel·
1351 845 1353 852 ’

121 923 177 995 lis,
200 921 276 1000 quia
290 921 364 982 volo
383 941 447 980 esse
467 941 525 1001 pro
547 913 613 996 me,
637 933 667 982 et
688 923 790 982 dicere
812 925 965 985 orationes
985 947 1081 998 meas,
1104 935 1134 982 et
1153 923 1255 1012 legere

120 1021 247 1094 missas,
270 1032 385 1092 etnou
406 1041 515 1080 curare
535 1021 593 1080 ista
614 1022 771 1082 mundana
791 1025 1024 1104 negotia,‘quae
1041 1025 1254 1102 afferuntper·

120 1119 274 1180 ditionem
294 1119 423 1178 animae.
464 1120 582 1183 Vatete.
623 1123 739 1182 Datum
760 1124 920 1184 Romanae
939 1119 1060 1186 Curiae.

162 1303 343 1380 Philippus
366 1303 504 1362 Sertorio
521 1303 558 1363 de
578 1306 734 1386 Erfirrdia
754 1311 913 1388 Magistro
937 1309 1072 1368 Ortuino
1093 1307 1219 1372 Gratius

203 1421 325 1480 Salutes
345 1421 564 1482 venerabiliter
586 1423 733 1502 optandas
760 1421 995 1486 honorabilitati
1016 1424 1147 1486 vestrae!
1190 1421 1256 1480 Ve-
1323 1425 1326 1432 '

119 1521 269 1580 nerabilis
291 1520 425 1578 Domine
447 1521 598 1602 Magis'er‚
631 1522 713 1582 sicut
739 1543 841 1603 nuper
862 1523 1024 1604 scripsistis
1045 1522 1138 1596 mihi,
1172 1517 1255 1600 quud
1355 1583 1361 1592 x

120 1621 247 1700 quidam
267 1619 364 1678 Poeta
385 1621 418 1678 in
439 1619 604 1696 Almania,
626 1623 725 1682 dictus
746 1624 890 1684 Erasmus
910 1624 1147 1694 lloterodamus,
1169 1639 1255 1678 cum-

120 1718 211 1801 ponit
232 1718 345 1779 multos
364 1719 477 1791 libros,
519 1730 549 1780 et
570 1723 736 1802 praecipue
765 1723 937 1802 composuit
963 1744 1057 1784 uuam
1085 1717 1254 1802 Epistulam

119 1819 157 1877 ad
176 1819 311 1898 Papam,
343 1819 376 1878 iu
399 1840 459 1898 qua
482 1821 708 1882 commendavit
727 1824 876 1882 Juanuem
896 1823 1076 1884 Rcuultlin:
1139 1815 1252 1889 sciatis,

120 1919 203 1998 quod
221 1918 290 1978 vidi
304 1913 397 1978 'illam
417 1917 599 1998 Epistulam,
620 1921 673 1980 sed
693 1921 794 1980 adhuc
813 1923 879 1982 vidi
900 1943 998 1982 unum
1020 1923 1116 1982 alium
1136 1920 1253 1979 librum

119 2039 265 2096 magnum
275 2061 284 2091 ,
308 2017 363 2095 qui
383 2018 559 2080 intitulatur
579 2020 705 2082 Novum
728 2023 977 2096 Testamentum,
1008 2034 1038 2082 et
1058 2022 1142 2082 misit
1161 2019 1253 2076 illum

117 2117 235 2176 librum
257 2117 295 2176 ad
314 2117 449 2198 Papam,
490 2118 542 2191 sed
563 2140 670 2199 spero,
708 2121 791 2200 quod
811 2142 875 2182 non
896 2119 967 2196 fiet,
1009 2122 1082 2200 quia
1105 2118 1254 2198 Magister
1292 2101 1296 2114 ,

117 2219 207 2277 Sacri
228 2219 357 2285 Palatii,
377 2217 431 2297 qui
453 2227 497 2276 est
517 2217 567 2278 vir
587 2220 743 2292 notabilis,
766 2231 796 2279 et
816 2239 944 2298 magnae
965 2219 1179 2300 reputationis,
1202 2214 1252 2275 di—

114 2319 182 2392 xit,
204 2309 288 2398 quod
309 2317 377 2376 vult
395 2317 547 2396 probare,
570 2318 652 2398 qnod
673 2320 816 2377 Erasmus
836 2319 891 2377 ille
911 2329 957 2378 est
973 2318 1157 2384 haereticus,
1179 2315 1252 2397 quia

114 2421 151 2478 in
171 2417 354 2498 quibusdam
368 2418 505 2496 passibus
525 2417 726 2496 reprehendit
748 2421 915 2478 Ductorem
935 2429 1090 2492 sanctum,
1112 2425 1142 2476 et
1169 2414 1252 2474 nihil

112 2528 207 2578 tenet
227 2517 266 2576 de
285 2517 458 2597 Theologis.
497 2517 538 2576 Et
558 2537 628 2576 cum
649 2517 709 2576 huo
728 2516 850 2592 scripsit
866 2538 960 2576 unam
981 2515 1152 2589 materiam,
1173 2533 1252 2594 quae
1332 2548 1334 2552 s

112 2627 252 2680 vocatur
270 2618 372 2676 Moria
391 2617 532 2690 Erusmi,
570 2637 649 2696 quae
670 2598 761 2676 liabet
784 2617 895 2676 multas
914 2617 1141 2696 propositiones
1162 2634 1250 2673 scau-

113 2717 314 2791 dalmatinus,
336 2726 365 2777 et
384 2737 495 2796 parum
515 2717 752 2789 reverentiales,
776 2725 806 2777 et
827 2717 950 2796 quando
972 2717 1109 2776 continet
1128 2707 1249 2797 apertas

112 2818 332 2902 blasphemias.
374 2818 573 2896 Quapropter
591 2815 815 2877 Parrhisienses
835 2817 946 2877 volunt
957 2817 1137 2876 comburere
1156 2816 1249 2875 talem

113 2921 244 2980 librum.
304 2917 387 2996 Ergo
411 2917 502 2978 etiam
525 2935 588 2974 nun
610 2917 720 2989 credo,
759 2916 843 2997 quod
861 2917 946 2996 Papa
967 2914 1189 2976 authenticabit
1207 2913 1249 2973 il-

114 3022 189 3103 lum¹
204 3037 352 3098 maguum
373 3016 498 3076 librum.
560 3015 661 3074 Etiam
682 3016 829 3092 lllagister
854 3027 959 3076 noster
977 3017 1106 3076 lacubus
1127 3015 1166 3074 de
1187 3013 1249 3074 alta

114 3121 217 3200 platea
239 3127 285 3176 est
316 3117 353 3176 iu
381 3117 461 3175 bona
488 3116 652 3196 sperantia.
713 3116 792 3174 Heri
813 3115 958 3177 invitavit
978 3136 1027 3174 me
1047 3115 1085 3173 ad
1107 3113 1249 3173 collatio-
1312 3133 1320 3142 ²

114 3241 207 3292 nem,
230 3229 262 3278 et
282 3215 363 3276 dixit
383 3215 461 3274 mihi
479 3215 647 3290 veraciter,
668 3215 752 3294 quod
773 3215 945 3274 Cardinalis
967 3215 1047 3274 dixit
1066 3213 1140 3284 sibi,
1163 3210 1247 3291 quod

115 3320 206 3378 debet
226 3314 342 3375 habeie
362 3314 544 3374 sententiam
565 3335 622 3394 pro
642 3335 683 3372 se.
741 3313 802 3372 Sed
827 3316 959 3372 Ioannes
982 3314 1096 3387 Wct,
1129 3310 1183 3390 qui
1203 3319 1248 3369 est

114 3420 304 3476 Procurator
319 3416 451 3474 loannes
471 3413 644 3487 Reuehlin,
665 3412 741 3472 facit
763 3413 791 3470 ei
812 3405 953 3492 magnam
974 3412 1159 3472 instantiam.
1181 3397 1246 3488 Εὲο

74 3512 76 3518 ’
114 3517 212 3576 semel
234 3504 327 3587 affui,
348 3535 444 3593 quum
467 3514 614 3594 Magister
633 3524 738 3572 noster
757 3514 884 3573 Iacobus
905 3511 985 3570 dixit
1004 3510 1044 3570 ad
1065 3531 1152 3569 cum:
1186 3509 1247 3568 Ec-

115 3638 150 3677 ce
170 3627 206 3675 tu
226 3613 289 3693 jam
312 3635 343 3674 cs
366 3625 472 3674 contra
494 3634 559 3687 me,
597 3623 628 3673 et
648 3613 753 3672 credas
774 3612 853 3670 mihi
872 3610 1021 3683 firmiter,
1060 3612 1086 3668 si
1108 3610 1245 3669 habuero

114 3717 298 3787 victoriam,
321 3733 377 3792 ego
398 3709 551 3772 trilrulabo
572 3723 603 3772 te
623 3712 681 3785 ita,
702 3711 785 3790 quod
806 3712 840 3770 in
859 3720 923 3770 tuta
942 3711 1088 3772 Almauia
1105 3731 1170 3770 nun
1186 3709 1246 3769 eris

115 3835 253 3876 securus.
318 3813 358 3872 Et
379 3813 492 3872 iterum
514 3812 594 3872 dixit
617 3812 763 3884 adeum,
798 3830 852 3888 ego
873 3810 950 3883 scio,
981 3809 1065 3888 quod
1089 3808 1247 3869 Reuuhliu

113 3914 290 3974 nonhabet
308 3911 366 3970 tibi
388 3913 462 3972 dare
482 3912 660 3991 pecuniam,
691 3921 722 3971 et
750 3921 786 3971 tu
814 3931 845 3970 es
867 3911 910 3969 ita
930 3909 1128 3983 temerarius,
1163 3909 1246 3988 quud
1343 3958 1346 3962 .

116 4013 164 4074 vis
185 4013 245 4072 tibi
266 4022 365 4072 totum
378 4012 530 4071 Ordinem
553 4012 591 4071 ad
613 4006 809 4072 inimicitiam
831 4010 943 4070 facere.
985 4011 1094 4070 Postea
1107 4019 1152 4068 est
1165 4029 1246 4068 unus

114 4113 214 4186 alius,
234 4113 352 4171 seilicet
371 4113 491 4172 Ductor
511 4115 677 4172 Martinus
694 4114 890 4190 Groningen,
912 4110 966 4190 qui
986 4109 1077 4170 debet
1095 4108 1247 4169 transfer-

114 4233 152 4272 re
174 4212 343 4292 Speculum
356 4212 489 4290 oculare.
530 4212 595 4292 Ego
614 4212 773 4285 intellexi,
801 4212 885 4292 quod
904 4209 1053 4292 Magister
1071 4217 1175 4270 noster
1195 4209 1246 4268 Ja-
