2866 4724
927 185 934 216 l

189 355 255 443 292
495 301 990 414 funerosus

164 511 243 574 “nia
262 510 359 586 bona;
400 515 431 566 et
450 504 699 584 iterumgdicitur
712 505 970 588 proverbialiter:
1008 502 1179 582 amicorum
1207 503 1317 565 omnis

189 619 263 672 sunt
282 604 476 680 communia,
505 604 558 664 sed
579 625 641 664 non
662 605 751 686 potui
773 603 861 666 citius
881 603 1107 685 perfectionum
1127 601 1207 664 hunc
1227 604 1315 664 litte-

188 729 273 782 ram,
300 707 374 788 quia
391 715 453 765 tam
473 703 676 776 multarunt,
711 704 794 783 quod
813 703 851 764 de
869 704 925 764 illo
947 701 1080 763 scribere
1101 713 1238 783 oporteo.
1272 703 1315 761 Et

189 817 272 870 certo
288 805 414 872 nescio,
434 812 453 862 'a
472 822 532 882 quo
552 800 689 882 incipere
711 803 820 876 debeo,
841 803 888 862 uti
909 801 1025 861 dicitur

271 905 395 976 Nescio,
409 871 462 960 ubi·
469 899 596 994 secians
607 900 672 976 dici
679 901 858 978 primordia
870 902 982 960 tuctus.

187 1005 293 1068 Homo
313 1011 359 1063 est
377 1000 432 1062 ille
453 1000 637 1074 Duraudus,
662 996 725 1060 non
744 1010 780 1061 ut
801 1000 857 1060 elii
877 999 1037 1092 homines,
1058 997 1111 1058 sed
1131 995 1225 1058 home
1246 993 1313 1052 sin-

152 1157 156 1171 ,
187 1100 389 1186 gularisticus·
450 1099 583 1176 Quando
603 1099 693 1158 illum
712 1097 773 1178 jam
794 1098 934 1172 videbas,
959 1097 1147 1177 gravareris,
1167 1094 1251 1176 quod
1270 1093 1315 1151 il-

94 1185 97 1194 ¹
186 1205 254 1264 lum
272 1197 398 1261 nonsit
418 1197 561 1284 antiquus¹
589 1195 644 1254 ille
664 1196 846 1273 Duraudus,
886 1197 1054 1272 secundum
1075 1195 1169 1268 illud,
1212 1193 1311 1254 eheu!

187 1306 336 1384 quantum
362 1306 495 1358 mutatus
518 1295 555 1355 ab
576 1284 630 1352 illo
649 1296 791 1356 Hectore.
851 1296 930 1356 Cum
952 1296 1034 1356 enim
1053 1303 1119 1353 erat
1137 1293 1239 1354 adhuc
1259 1290 1314 1370 ju·

187 1400 276 1464 venis
296 1397 395 1458 sociut
416 1396 455 1456 de
480 1393 600 1478 triginti
628 1404 696 1472 octo
723 1395 776 1456 vel
799 1394 1003 1456 novendecim
1029 1393 1134 1466 dunis,
1172 1391 1235 1451 fuit
1254 1409 1312 1450 ve-

133 1503 135 1518 '
186 1501 348 1563 hementer
368 1491 486 1556 subtilis
501 1501 532 1552 et
546 1491 690 1566 humilis,
726 1503 757 1553 et
784 1495 855 1555 avia
884 1515 953 1553 mea
972 1491 1106 1564 dicebat,
1142 1489 1226 1571 quod
1245 1507 1312 1547 uon

186 1599 252 1663 fuit
267 1593 413 1658 stulrtlior
431 1590 579 1671 juvenem
600 1590 635 1650 in
656 1601 720 1650 toto
736 1592 833 1667 urbe,
863 1575 954 1672 quain
975 1590 1142 1650 Duruudus
1162 1598 1223 1655 est)
1254 1585 1311 1646 sed

186 1699 249 1782 jum
272 1712 387 1757 messus
412 1701 442 1750 et
463 1689 574 1750 densus
600 1701 659 1764 est,
702 1699 733 1750 et
758 1709 822 1751 non
851 1691 946 1772 magis
966 1690 1057 1750 habet
1083 1689 1214 1769 primam
1242 1686 1310 1745 lbr-

105 1811 107 1826 *
186 1810 286 1870 mam,
307 1813 340 1853 os
361 1790 453 1852 habet
472 1788 550 1848 sicut
569 1808 695 1868 porcus,
730 1798 761 1847 et
780 1787 861 1848 labia
878 1811 933 1850 sua
955 1789 1028 1848 dunt
1048 1789 1128 1847 bona
1146 1783 1311 1846 sarcimine

185 1895 339 1977 jecorum,
380 1887 534 1949 foramina
559 1903 703 1946 nasorum
732 1899 859 1948 suorum
887 1899 960 1947 suut
979 1897 1040 1946 tarn
1060 1882 1308 1953 rotundiformiu,
1344 1885 1353 1908 ⁸

186 2004 223 2056 ut
240 1993 332 2072 janua
347 1990 469 2060 domus,
494 1986 573 2045 sicut
594 1986 707 2044 iterum
729 1986 857 2060 dicitur,
892 1997 949 2067 p'er
967 1986 1090 2065 januam
1111 1985 1254 2047 venimus
1274 1981 1310 2039 iu

131 2165 133 2172 Ι
187 2092 319 2166 atrium3
346 2109 418 2148 nam
440 2097 502 2146 tam
526 2104 622 2165 parva
639 2094 728 2158 sunt,
761 2093 796 2144 ut
815 2085 871 2145 vix
892 2104 999 2144 currus
1020 2085 1128 2165 plenus
1149 2085 1308 2144 frumento

186 2190 368 2262 velrfoeno,
394 2186 467 2247 licet
492 2193 623 2265 quatuor
650 2179 721 2262 equi
749 2183 839 2243 illum
859 2181 1000 2256 trahunt,
1033 2193 1131 2263 potest
1150 2180 1308 2248 invehere.

189 2287 283 2350 Oculi
303 2297 365 2346 tam
385 2281 552 2344 rubicundi
572 2293 659 2354 sunt,
679 2297 769 2360 quam
792 2282 874 2344 oculi
893 2282 1118 2356 columborum,
1138 2279 1306 2341 secundum

186 2387 282 2448 illud:
300 2383 382 2444 oculi
392 2382 440 2444 tui
450 2381 532 2442 oculi
545 2379 764 2456 columbarum.
786 2381 997 2461 Seipseetium
1008 2381 1175 2455 nonnovit,
1193 2379 1308 2438 etima*

187 2488 273 2570 giuut
288 2485 358 2559 sibi,
377 2481 459 2563 quod
478 2483 518 2540 sit
536 2479 683 2559 Magister
702 2499 795 2560 super
814 2495 932 2554 omnes,
952 2489 984 2539 'et
1005 2493 1109 2558 omnes
1128 2475 1308 2539 scientificus

188 2583 366 2656 devoravit,
386 2590 578 2640 cum-tamen
598 2579 653 2640 vi'x
672 2589 717 2638 est
737 2580 834 2660 Magis
857 2581 936 2654 duo,
962 2582 1015 2641 vel
1036 2580 1126 2640 etiam
1149 2577 1248 2657 Magis
1269 2595 1308 2634 u·

187 2703 256 2744 nus.
278 2683 357 2743 Cum
379 2681 462 2740 enim
484 2698 585 2759 nuper
605 2699 668 2737 unu
688 2679 799 2738 arreilla
817 2701 954 2760 paupera
973 2682 1063 2739 illum
1085 2678 1216 2759 rogavit:
1236 2677 1307 2735 Do·

162 2823 167 2832 ,
188 2783 274 2844 mine
286 2779 442 2861 Megistre,
462 2772 537 2856 quid
558 2777 659 2836 faeere
673 2777 784 2851 debeo,
805 2788 841 2838 ut
863 2779 953 2838 etiam
973 2779 1091 2860 aliquid
1109 2797 1166 2859 pro
1188 2795 1239 2835 me
1257 2776 1308 2835 fe·-

188 2881 250 2944 ro'l
292 2899 356 2939 non
376 2877 478 2957 potuit
494 2877 592 2936 bonus
612 2879 710 2936 socius
729 2878 926 2956 respondere,
948 2878 1115 2938 secundum
1136 2873 1231 2935 illud:
1250 2875 1307 2933 ob·

139 3050 141 3058 ,
188 2990 335 3058 stupuere
350 2995 464 3049 omues,
483 2975 655 3056 intentique
674 2997 729 3036 ora
745 2978 897 3037 tenebant.
938 2979 978 3038 Et
996 2980 1108 3037 iterum
1131 2975 1309 3053 adagialiter

190 3075 343 3156 loquitur:
364 3074 461 3134 fessus
476 3076 605 3152 languor
619 3072 746 3157 occupat
760 3086 851 3137 arluc.
890 3078 970 3137 Nam
988 3097 1106 3156 semper
1126 3095 1222 3135 unum
1242 3094 1309 3132 ma-

188 3180 257 3240 lum
277 3174 400 3236 comitet
418 3173 557 3232 alterum.
597 3173 726 3234 Etcum
745 3185 850 3256 postea
869 3175 1068 3256 interrogarit
1088 3175 1204 3254 illum,
1222 3174 1308 3234 dice-

188 3297 243 3350 re,
264 3276 319 3336 ubi
339 3273 472 3354 optimus
489 3270 659 3332 sarcinator
678 3276 848 3334 cilceorum
869 3275 1028 3347 habitaret,
1049 3275 1160 3332 iterum
1172 3293 1234 3333 non
1246 3291 1307 3354 po-

189 3375 250 3438 tuit
269 3372 482 3454 responderet·
503 3367 712 3432 Nihilominus
732 3394 764 3432 se
786 3375 891 3433 miscet
909 3389 1030 3453 semper
1049 3373 1131 3432 iuter
1145 3373 1230 3446 alios,
1249 3374 1307 3453 qui

189 3474 281 3552 longe
298 3459 369 3553 plus
388 3479 459 3530 sunt
479 3490 570 3550 quam
591 3472 752 3550 Magister,
794 3493 885 3551 quam
898 3461 953 3530 ille
976 3482 1037 3546 est,
1077 3471 1244 3531 secundum
1265 3469 1308 3530 il-

189 3570 261 3634 lud:
282 3572 368 3632 velut
387 3559 472 3628 iuter*
488 3570 573 3649 ignes
594 3571 668 3630 luna
689 3571 835 3643 minores,
860 3583 890 3629 et
909 3571 988 3630 sicut
1006 3580 1120 3632 stercus
1139 3569 1236 3628 muris
1255 3569 1308 3630 in·

131 3657 136 3664 ’
189 3680 238 3731 ter
258 3669 367 3750 piper,
387 3668 440 3728 sed
461 3689 566 3728 omnes
585 3668 675 3728 illum
695 3669 808 3728 liabent
827 3689 883 3748 pro
902 3672 1002 3729 stulto.
1044 3671 1123 3731 Cum
1138 3667 1308 3728 interillos

190 3767 295 3841 venit,
309 3777 385 3826 tunc
405 3766 527 3828 dicuntr
549 3768 653 3844 venite
674 3768 750 3842 buc,
772 3767 815 3826 mi
834 3768 986 3828 Dominus
1004 3769 1188 3841 Durandus,
1208 3776 1239 3826 et
1256 3787 1307 3827 se-

191 3853 261 3927 dete
281 3887 374 3946 super
388 3886 461 3942 nos;
488 3876 608 3928 etcum
628 3869 694 3948 ipse
708 3866 794 3940 lacit,
822 3875 897 3926 tuuc
917 3867 1021 3928 rident
1040 3867 1074 3928 in
1093 3868 1201 3939 corde,
1222 3866 1307 3944 quod

188 3975 252 4026 tam
271 3965 404 4044 simplex
424 3973 486 4038 est,
514 3975 545 4024 et
564 3986 626 4026 nou
648 3965 792 4043 intelligit
811 3966 905 4025 verba
923 3966 1059 4026 honoris.
1117 3965 1308 4044 Nupervo-

138 4044 141 4068 ⁵
189 4062 250 4124 luit
276 4062 431 4142 disputare
459 4061 541 4122 iuter
567 4066 793 4146 compagniom,
834 4064 986 4142 quomodo
1012 4064 1132 4145 primus
1156 4061 1251 4122 homo
1271 4062 1307 4123 iu

187 4159 279 4221 initio
299 4161 396 4220 factus
418 4169 478 4232 est,
499 4171 530 4221 et
549 4162 643 4235 dixit,
671 4160 753 4241 quod
773 4161 871 4223 fectus
893 4173 938 4223 est
960 4185 1000 4224 ex
1019 4163 1140 4244 glutine
1160 4170 1191 4220 et
1211 4170 1306 4235 terra,

162 4323 166 4332 ,
189 4269 220 4320 et
235 4258 317 4338 quod
330 4257 390 4318 hoc
403 4258 558 4322 audiverit
576 4261 611 4322 in
631 4280 693 4320 uua
712 4262 821 4341 nuptia
839 4261 1102 4341 uviroillustro5
1124 4270 1245 4334 etcum
1257 4260 1307 4322 ul-
