2872 4722
218 315 282 392 tit
580 311 998 394 ,urtsrouau

171 471 177 480 ’
216 491 266 548 ter
285 471 337 546 isti
358 469 539 546 luristaeet
563 483 732 545 adversarii
761 487 832 544 cum
861 481 1015 564 adjutorio
1040 465 1182 571 Diaboli,
1222 479 1278 567 qui
1307 493 1357 546 eat

216 585 315 648 bostis
334 585 407 644 fidei
423 584 623 656 christianae,
651 604 708 664 per
729 601 798 644 suas
818 585 999 659 blanditias,
1030 585 1109 644 sicut
1131 583 1185 666 pie
1200 584 1353 660 creditur,

217 684 449 764 acquisiverunt
459 683 572 743 multos
593 682 730 744 fautores
737 728 746 757 ,
769 693 800 742 et
820 684 984 765 praecique
1002 684 1189 756 Curtisanos,
1210 685 1264 770 'qui
1278 695 1355 744 snut

217 787 257 848 de
280 785 418 866 partibus
438 781 666 863 superioribus,
713 791 744 842 et
766 802 829 842 uon
852 782 967 843 babent
988 785 1099 844 bonam
1121 781 1352 854 conscientiam,

157 959 160 966 Δ
201 895 249 951 ,et
266 886 408 946 inferunt
428 902 551 963 magnas
570 882 701 961 injurias
723 883 880 963 praedicto
900 883 1047 961 Magistro
1073 893 1197 958 nostro,
1231 903 1353 942 vexan-

215 997 262 1048 tes
284 1006 355 1046 eum
375 983 453 1044 sicut
473 983 624 1055 beanum,
656 993 687 1042 et
709 983 860 1056 dicentes,
896 983 979 1062 quod
998 984 1130 1064 ipsemet
1150 992 1195 1040 est
1214 981 1353 1040 baereti-

216 1107 288 1159 cus,
311 1097 341 1147 et
362 1083 446 1164 quod
465 1080 617 1159 Theologi
640 1082 674 1140 iu
695 1084 827 1144 Colonia
849 1092 921 1143 sunt
941 1081 1081 1142 bufones.
1123 1065 1235 1141 Sancte
1256 1082 1352 1154 Dens,

215 1185 452 1267 quiddebemus
473 1181 600 1241 dicere?
642 1181 713 1241 Nou
735 1193 780 1242 est
801 1201 946 1262 maguum
968 1181 1167 1254 miraculum,
1195 1162 1279 1261 quod
1300 1202 1351 1239 sa-

216 1307 268 1347 cra
289 1280 461 1364 Theologia
483 1281 812 1359 debet‘scaudilirari,
837 1292 867 1341 et
889 1280 1003 1340 haberi
1019 1302 1077 1360 pro
1101 1303 1163 1341 una
1182 1281 1351 1354 Frascaria,

216 1397 249 1447 ct
267 1384 438 1463 Theologi‚
462 1383 608 1462 quisunt
628 1382 707 1439 sicut
722 1371 863 1461 Apostoli
874 1380 951 1452 Dei,
976 1381 1088 1440 debent
1105 1381 1227 1461 sperni,
1262 1380 1353 1457 quasi

215 1497 316 1547 essent
335 1481 430 1543 stultiss
471 1481 611 1541 Credatis
633 1479 712 1538 mibi
734 1477 882 1554 firmiter,
911 1479 994 1560 quod
1013 1480 1104 1539 Fides
1127 1479 1277 1539 catholica
1295 1479 1353 1538 ba-

213 1581 299 1648 b'ebit
326 1600 473 1663 magnum
502 1579 618 1640 malum
646 1579 777 1652 exinde,
816 1589 846 1639 et
868 1599 924 1660 ego
947 1578 1058 1653 timeo,
1094 1574 1180 1659 ‘quod
1208 1579 1267 1640 erit
1286 1598 1352 1638 uua

213 1683 358 1747 confusio
379 1683 414 1741 in
433 1680 570 1741 Ecclesia
590 1679 661 1738 Dei.
701 1675 806 1739 Etiam
828 1677 954 1754 dicunt,
984 1678 1067 1758 quod
1088 1679 1242 1738 Dominus
1263 1679 1352 1758 Apo-

197 1786 341 1848 .'‘stolicus
363 1793 408 1842 est
428 1799 486 1860 pro
518 1787 606 1860 parte
635 1779 762 1839 loannis
791 1778 962 1852 Reucblin,
1004 1779 1077 1858 quia
1105 1779 1171 1859 ipse
1193 1779 1286 1837 etiam
1306 1787 1351 1838 est
1420 1791 1425 1802 ’

212 1883 311 1951 ¹Poeta
332 1893 362 1942 et
386 1882 472 1942 favet
492 1876 620 1939 Iuristis.
678 1877 739 1937 Sed
760 1886 862 1941 tamen
883 1896 993 1958 spero,
1020 1878 1104 1958 quod
1125 1899 1181 1938 sua
1195 1877 1351 1938 sanctissi-

215 1987 305 2048 initas
324 1979 554 2042 illuminabitur
571 1997 629 2058 per
648 1979 777 2058 gratiam
789 1977 935 2057 „Spiritus
957 1977 1080 2053 Sancti,
1116 1987 1147 2038 et
1173 1995 1238 2036 non
1264 1976 1351 2048 dabit

213 2083 328 2146 inulam
346 2077 545 2151 senteutiam,
583 2078 665 2156 quod
697 2077 774 2138 velit
792 2077 947 2137 Dominus
973 2077 1075 2150 Deus,
1113 2075 1167 2156 qui
1188 2084 1295 2156 regnat
1316 2075 1350 2132 in

212 2179 352 2248 terrisbt
369 2193 430 2263 per
447 2177 566 2253 coelos,
607 2187 638 2236 et
657 2197 712 2236 sua
734 2165 833 2237 matbr
854 2177 953 2258 Virgo
976 2178 1096 2252 Maria,
1139 2183 1217 2255 quae
1237 2173 1351 2234 liberet

214 2303 272 2348 uos
291 2284 330 2345 ab
346 2281 403 2341 ista
420 2276 553 2339 Poctria.
571 2279 688 2337 Datum
698 2277 808 2336 Roma.
1196 2289 1200 2298 ‘

214 2489 223 2496 ·
275 2497 277 2504 .
354 2451 468 2510 trater
482 2445 614 2506 mannes
634 2443 671 2502 da
694 2441 832 2504 Werdea
859 2444 908 2502 M.
931 2441 1064 2502 Ortuino
1090 2441 1212 2502 Gratio.

247 2601 251 2608 '
298 2586 442 2651 Humiles
463 2575 495 2644 el
515 2579 639 2641 devotas
663 2565 817 2642 crationes
838 2601 909 2640 curn
930 2599 1095 2639 numerosa
1113 2579 1219 2638 salute.
1286 2579 1350 2640 Ve-

214 2690 363 2754 nerabilis
386 2686 451 2758 vir,
487 2701 543 2743 vos
563 2680 696 2740 scribitis
716 2678 812 2754 mibi,
845 2680 928 2761 quod
947 2679 1122 2753 audivistis,
1150 2677 1236 2757 ¹quod
1259 2696 1351 2737 causa

205 2768 318 2870 *vestra
330 2787 411 2847 male
432 2792 508 2854 stat,
546 2791 576 2840 et
596 2782 727 2840 Ioannes
747 2779 903 2838 Reucblin
931 2778 1094 2859 acquisivit
1114 2799 1208 2840 unam
1229 2778 1351 2839 inbibi-

215 2891 332 2952 tionem
356 2877 562 2965 apostolicam.
605 2878 647 2941 Et
668 2880 815 2942 scribitur
837 2877 932 2953 mibi,
953 2879 1036 2958 quod
1056 2878 1170 2937 timetis
1184 2880 1287 2952 valde,
1308 2899 1349 2938 ue

191 2989 342 3050 ,habebit
361 2981 523 3045 victoriam
543 2991 650 3040 contra
670 2979 873 3058 Theologicos
903 2987 934 3036 et
956 2978 1178 3038 sanctissimum
1204 2979 1348 3038 ordinem

216 3099 373 3152 nostrum,
402 3091 433 3141 et
452 3093 557 3162 postea
578 3078 834 3140 scandalizabitur
855 3078 991 3136 Ecclesia
1016 3079 1086 3137 Dei.
1151 3078 1180 3138 Ο
1209 3079 1349 3137 modicae

215 3171 303 3260 fidei,
326 3183 420 3250 vultis
436 3200 500 3240 esse
521 3181 564 3238 ita
583 3178 777 3260 perterritus,
819 3177 902 3256 quod
923 3177 1017 3237 vultis
1037 3177 1139 3238 statim
1160 3177 1348 3259 desperare?

132 3293 134 3296 ’
215 3289 336 3348 Tamen
359 3283 435 3341 olim
456 3279 577 3361 quaudo
609 3269 658 3338 'fui
680 3276 839 3338 vobiscum
871 3277 905 3334 in
931 3277 1118 3351 Daveutria,
1158 3295 1223 3336 non
1246 3275 1348 3334 fuistis

216 3386 260 3448 ita
279 3386 394 3455 limax,
416 3381 470 3441 sed
490 3379 639 3448 habuistis
662 3387 801 3457 magnam
823 3375 990 3435 audaciam.
1053 3377 1136 3454 Quia
1161 3377 1224 3434 scio
1246 3375 1349 3434 adbuc

215 3485 312 3558 bene,
335 3481 489 3561 quomodo
509 3478 603 3538 semel
624 3475 814 3557 percussistis
835 3472 905 3533 illos
927 3477 1004 3537 duos
1024 3476 1153 3550 beauos,
1187 3475 1349 3536 venientes

170 3597 172 3600 '
216 3583 254 3646 ad
276 3603 330 3644 vos
352 3601 423 3640 cum
446 3580 543 3660 longia
565 3576 688 3648 cultris,
715 3589 746 3633 et
765 3595 820 3634 vos
842 3594 905 3633 uon
926 3575 1076 3637 habuistis
1096 3596 1195 3637 unum
1214 3595 1348 3650 armum,

182 3719 186 3734 ι
215 3673 525 3743 seudefcndiculuru.
547 3675 718 3754 *Ettamen
735 3674 924 3754 percussistis
946 3697 997 3735 eos
1019 3697 1089 3736 cum
1110 3675 1263 3754 adjutorio
1274 3675 1348 3748 Dei,

216 3783 342 3844 realiter
363 3801 433 3838 cum
457 3777 585 3850 effectu,
616 3775 660 3834 ita
680 3775 763 3854 quod
784 3793 864 3832 uuus
885 3795 960 3853 prae
980 3773 1286 3856 timoreperminait
1306 3793 1349 3832 se.

216 3880 256 3944 Et
277 3881 424 3942 viderunt
442 3877 534 3938 multi
553 3875 710 3947 homiues,
732 3881 763 3930 et
783 3871 947 3936 dixerunt:
988 3875 1049 3938 Per
1063 3878 1185 3946 Deum,
1208 3877 1268 3931 iste
1285 3871 1351 3930 Or-

216 3982 322 4044 tuinus
341 3979 434 4038 habet
454 3995 598 4056 maguum
615 3993 676 4034 cor.
717 3974 782 4032 Vos
803 3970 919 4033 debetis
938 3975 1035 4049 s'cire,
1069 3973 1152 4056 quod
1168 3971 1270 4032 hicin
1284 3969 1351 4030 Cu-

216 4082 265 4143 ria
283 4080 423 4139 Romana
442 4097 506 4136 non
527 4084 587 4147 est,
617 4074 696 4132 sicut
715 4092 770 4131 vos
792 4072 922 4151 putatis,
948 4076 1001 4134 sed
1022 4096 1103 4135 unus
1123 4093 1186 4134 una
1205 4073 1276 4133 vice
1297 4071 1351 4129 lu-

217 4190 336 4252 cratur,
378 4186 408 4236 et
435 4175 496 4234 alia
522 4174 592 4235 vice
608 4161 723 4253 perdit.
784 4172 824 4231 Et
844 4170 916 4232 licet
935 4175 1046 4254 aliquis
1067 4174 1160 4250 babet
1179 4170 1351 4251 aliquando

217 4277 292 4337 duas
313 4278 364 4336 vel
384 4286 446 4336 tres
467 4272 631 4334 sententiaa
651 4288 708 4353 pro
731 4291 783 4347 se,
800 4281 905 4334 tamen
926 4273 1026 4335 adhuc
1045 4283 1145 4355 potest
1159 4271 1294 4353 perdere
1307 4269 1350 4330 lia·
