2872 4722
209 316 269 381 118
500 303 965 379 .·EP1sroL·AE
1032 329 1041 356 t

208 496 282 549 nus,
306 483 337 536 et
357 479 421 534 son
441 471 577 534 manent
596 470 630 530 n
649 469 732 540 fise,
753 491 824 551 ergo
844 471 960 534 essens
980 471 1104 546 videre,
1125 469 1200 550 quse
1220 459 1333 530 fessus.

208 578 274 635 lam
295 573 528 634 combusserunt
554 572 589 631 in
615 571 716 630 Hallis
743 591 842 632 uuum
866 571 1051 651 baptizatum
1070 571 1235 643 Judaeum,
1277 559 1333 648 qui

209 673 301 732 etiam
321 680 450 734 vocetur
469 671 599 730 Ioannes
620 665 835 744 Pfefferkoru,
873 680 905 730 et
925 668 999 728 fecit
1019 671 1117 730 multa
1138 670 1239 728 mele„
1267 668 1334 748 Ego

209 773 321 845 timeo,
342 767 470 850 siquod
491 768 546 826 ille
567 765 660 826 saciet
681 768 776 826 semel
794 767 882 841 telis,
922 780 996 830 tuno
1020 788 1075 828 vos
1103 767 1184 827 male
1205 766 1333 826 staretis.

209 865 272 930 Sed
290 848 494 929 nilrilomiuus
514 863 629 925 debetis
650 864 817 926 defendere
839 866 1054 947 Theologiom:
1096 877 1126 926 et
1144 859 1271 945 accipite
1298 865 1333 923 in
1429 899 1430 904 κ

121 979 130 988 ’
209 971 320 1029 bouem
340 975 458 1048 partem
465 951 478 1037 ,¹
495 963 578 1043 quod
598 962 734 1022 fraterne
754 966 896 1026 consului
914 966 1018 1027 vobis:
1037 974 1068 1025 et
1087 965 1187 1026 valete
1200 963 1235 1023 iu
1253 963 1334 1022 bone

210 1059 435 1150 prosperitate,
461 1048 578 1122 Datum
593 1061 791 1124 Medebnrck.
844 1110 847 1128 ,

311 1230 439 1292 Paulus
459 1226 730 1309 Dazrbengigslins
745 1229 775 1289 S.
790 1231 831 1288 P.
843 1229 885 1288 D.
898 1229 946 1291 M.
963 1228 1101 1290 Ortuino
1112 1230 1229 1290 Gratia.

293 1367 390 1441 Ecce,
430 1361 460 1441 ,si
490 1383 545 1446 ego
572 1386 640 1425 sum
670 1365 819 1439 mendax,
851 1365 930 1427 siout
950 1385 1052 1447 nuper
1074 1365 1211 1440 dixistis,
1253 1363 1335 1444 quod

211 1465 424 1546 promitterem
443 1463 531 1525 vobis
551 1483 689 1543 semper,
721 1464 804 1545 quod
823 1464 936 1524 vellem
955 1466 1041 1526 vobis
1060 1467 1210 1539 seribere,
1237 1472 1270 1523 et
1289 1473 1336 1521 te-

211 1585 284 1624 men
304 1583 368 1623 non
390 1561 556 1622 scriberem
576 1561 672 1623 vobis.
718 1565 785 1625 Jam
803 1563 876 1626 volo
895 1565 1046 1644 probare,
1068 1564 1150 1642 quod
1169 1574 1259 1622 teneo
1279 1582 1336 1622 vo-

211 1661 258 1722 bis
276 1659 386 1721 fidem:
421 1659 494 1740 quia
515 1659 566 1721 vir
596 1671 734 1720 maturus
756 1670 793 1730 et
814 1672 915 1722 rectus
933 1663 1016 1723 nihil
1037 1663 1127 1723 debet
1146 1661 1335 1743 promittere,
1431 1711 1432 1738 ,

212 1760 296 1842 qnod
315 1779 380 1820 nou
399 1759 468 1820 vult
488 1749 629 1820 servare:
661 1770 692 1819 et
713 1769 790 1820 esset
810 1781 919 1840 magun
939 1761 1142 1840 inconstentia
1163 1761 1201 1822 de
1224 1780 1292 1834 me,
1311 1759 1339 1816 si

140 1889 145 1904 ι
212 1879 278 1920 non
297 1877 451 1919 servarem
473 1857 560 1919 vobis
580 1857 738 1939 promisse,
763 1867 793 1918 et
813 1879 908 1918 essem
926 1861 1032 1920 fallax.
1074 1863 1138 1922 Vos
1159 1857 1275 1919 debetis
1297 1856 1338 1915 si-

209 1953 331 2018 militer
351 1943 484 2016 seribere
505 1954 583 2015 mihi
590 1997 599 2030 ,
632 1965 706 2016 tuno
727 1976 817 2037 saepe
836 1959 980 2020 volumus
1000 1959 1037 2018 ad
1060 1959 1195 2020 invicem
1217 1945 1338 2015 mittere

214 2077 269 2116 eeu
302 2053 435 2134 dirigere
466 2054 618 2134 epistolas.
677 2056 718 2114 Et
745 2054 807 2134 jem
837 2045 952 2118 debetis
978 2035 1076 2132 scire,
1115 2057 1198 2136 quod
1222 2057 1340 2115 Doctor

213 2152 371 2215 Reuchlin
391 2153 533 2234 permisit
560 2152 740 2233 imprimere
766 2175 864 2216 uuum
897 2157 1033 2231 librum,
1084 2157 1139 2238 qui
1166 2154 1341 2214 intitulatus

135 2258 138 2262 ’
216 2263 281 2327 est,
300 2253 466 2312 Defensio:
508 2255 625 2332 inquo
648 2253 832 2332 scandalizat
856 2256 946 2316 valde
968 2257 1165 2329 dedecorose,
1201 2263 1231 2313 et
1252 2261 1342 2314 vocat

216 2372 272 2414 vos
292 2351 428 2427 asinum,
459 2361 489 2412 et
509 2351 734 2426 verecundatus
754 2373 823 2413 sum
842 2355 933 2416 valde
941 2400 950 2432 ,
978 2359 1082 2438 legens
1103 2356 1194 2414 illum
1215 2354 1343 2428 librum,

217 2451 357 2531 quamvis
379 2471 444 2510 non
466 2445 531 2531 legi
549 2471 618 2510 eum
638 2461 833 2530 pertulum,
868 2455 941 2534 quie
960 2455 1077 2536 projeci
1097 2463 1168 2514 ente
1181 2451 1343 2534 parietem,

218 2550 341 2630 quaudo
361 2549 446 2624 vidi,
472 2549 555 2630 qnod
576 2559 620 2609 est
639 2550 682 2609 ite
706 2551 891 2633 malignosus
910 2566 1017 2615 contra
1035 2553 1208 2633 'l'heologos
1231 2560 1262 2610 et
1284 2539 1369 2612 Ar-'

218 2651 312 2709 listas.
351 2650 416 2709 Vos
434 2650 559 2730 potestis
580 2669 651 2708 eum
671 2650 791 2731 legere,
818 2651 845 2711 si
866 2653 978 2728 vultis,
999 2653 1071 2733 quie
1090 2651 1176 2710 mitto
1198 2649 1250 2708 hic
1264 2640 1345 2709 'eum

219 2749 316 2810 vobis.
351 2747 459 2807 'Mihi
488 2747 628 2822 videtur,
663 2749 746 2827 quod
775 2762 864 2810 autor
888 2752 943 2810 ille
969 2772 1039 2812 cum
1065 2770 1120 2810 suo
1144 2748 1229 2808 ‘libro
1253 2746 1347 2808 debet

221 2847 376 2921 comburi,
398 2846 470 2926 quia
493 2857 538 2906 est
558 2847 693 2906 maxime
711 2847 932 2925 scandalorum,
953 2850 1036 2930 quod
1055 2845 1164 2927 aliquis
1184 2844 1276 2904 debet
1299 2856 1347 2905 ta·

220 2947 283 3006 lem
304 2945 420 3004 librum
442 2944 617 3024 compilare.
658 2947 768 3027 Nuper
787 2949 836 3008 fui
855 2948 890 3008 in
903 2949 1065 3028 Equiritia,
1087 2956 1118 3005 et
1137 2943 1226 3006 volui
1240 2929 1347 3004 emere

170 3103 179 3130 Ι
223 3065 351 3124 equum,
374 3044 490 3123 inquo
511 3044 624 3104 vellem
646 3046 783 3126 equitare
805 3047 844 3106 ad
864 3048 1035 3122 Viennam,
1070 3054 1144 3105 tuuc
1165 3042 1232 3104 vidi
1254 3044 1347 3104 illum

115 3147 119 3154 '
149 3197 153 3205 .
222 3144 338 3203 librum
368 3141 527 3215 venalem,
570 3152 600 3203 et
627 3164 683 3223 ego
712 3146 842 3226 cogitavi
859 3141 1003 3226 mecum,
1042 3143 1271 3224 quodneeesse
1292 3153 1346 3218 est,

224 3241 307 3320 quod
335 3260 390 3300 vos
417 3239 561 3301 videbitis
589 3241 698 3319 illum,
736 3255 771 3304 ut
791 3244 911 3325 possitis
939 3245 970 3302 ei
989 3243 1175 3323 respondere
1196 3241 1235 3300 ed
1256 3261 1346 3302 suem

224 3338 464 3420 perversitatem,
487 3339 559 3418 quia
579 3339 605 3398 si
626 3361 745 3420 possem
760 3343 862 3404 secere
882 3343 970 3405 vobis
989 3343 1106 3422 majore
1125 3339 1260 3412 servitia,
1282 3355 1346 3400 non

51 3477 57 3484 ·
150 3492 153 3496 .
225 3431 338 3497 vellem
358 3437 490 3512 tardari,
517 3438 589 3516 quia
611 3437 728 3499 hebetis
748 3463 797 3501 me
819 3441 969 3502 humilem
990 3441 1171 3502 servitorem
1191 3445 1224 3498 et
1244 3437 1347 3498 fauto-

227 3556 293 3595 rem
308 3546 453 3596 vestrum.
496 3535 613 3612 Sciatis,
634 3539 717 3616 quod
738 3539 839 3600 adhue
857 3540 956 3600 habeo
969 3541 1064 3600 malos
1083 3538 1202 3598 oculos:
1223 3536 1275 3596 sed
1292 3556 1347 3625 ve-

228 3634 276 3694 nit
295 3633 358 3694 huo
379 3634 503 3713 quidem
523 3634 721 3705 Alohimista,
743 3638 797 3716 qui
819 3639 913 3716 dicit,
931 3639 1082 3720 quodecit
1102 3637 1254 3696 medicare
1274 3655 1348 3694 oon-

114 3806 117 3813 ,
229 3731 285 3804 lis,
320 3727 439 3791 etiamsi
460 3732 553 3793 homo
575 3743 652 3794 esset
677 3736 813 3796 totaliter
832 3757 938 3798 oseem
958 3738 993 3797 in
1012 3737 1067 3797 ille
1086 3734 1284 3806 infirmitate,
1318 3743 1348 3792 et

231 3831 306 3892 alias
331 3829 422 3891 hebet
441 3831 553 3892 bouem
579 3832 817 3912 experientiam,
853 3834 926 3916 qnia
953 3835 1120 3897 ambulavit
1148 3827 1205 3915 per
1231 3832 1352 3892 Italiam

233 3939 264 3988 et
282 3928 462 4002 Franciam,
483 3939 514 3988 et
533 3929 645 3989 multas
664 3923 848 4011 provincias.
889 3936 929 3995 Et
948 3936 1032 3996 sicut
1046 3934 1144 4007 scitis,
1171 3931 1270 3992 omnis
1294 3932 1349 3990 Al-

146 4061 154 4070 ·
234 4027 374 4115 chimista
393 4036 425 4086 et
444 4027 585 4088 Medicus
604 4040 657 4091 aut
678 4031 853 4112 Saponista,
890 4033 1109 4114 quamvisjam
1131 4041 1176 4092 est
1196 4031 1350 4110 depaupe-

235 4135 318 4184 ratus
336 4120 574 4202 altqtnntulnm:
610 4129 674 4188 Vos
695 4128 885 4211 quaesivistis
906 4134 1015 4208 etiam,
1045 4130 1198 4214 quomodo
1217 4127 1365 4195 succedit¹

133 4277 138 4290 ,
236 4222 313 4283 mihi
335 4221 416 4282 aliae.
459 4222 579 4284 Gratias
600 4226 695 4306 vobis,
716 4227 798 4310 qu'od
813 4231 957 4311 quaeritis
976 4232 1035 4308 itn,
1056 4230 1108 4292 sed
1129 4227 1244 4291 debetis
1264 4227 1350 4300 seire,
