2896 4716
206 285 271 370 270
549 296 1018 366 ‚annuncia

208 456 303 519 mo'ris
322 454 397 534 est),
432 461 463 514 et
483 467 604 533 semper
624 453 736 513 volunt
756 452 954 532 frequentare
981 451 1125 530 domum3
1159 451 1218 513 scia
1249 453 1338 514 bene.

207 559 309 618 Etiam
331 571 395 614 non
415 553 545 612 audiunt
572 553 802 628 consequentias
819 555 982 625 Marsilc'a',
1022 571 1062 610 ne
1084 573 1123 610 ue
1149 551 1339 632 suppositio-

207 671 263 716 nes
286 661 339 712 aut
358 671 455 731 parva
475 649 634 736 logicalia:
664 648 736 714 ideo
759 634 822 708 non
845 659 889 708 est
910 571 1084 730 posn'b‘abel
1106 651 1189 729 quod
1209 659 1340 729 possunt

161 763 164 768 '
208 773 274 813 esse
293 751 457 824 formales,
478 761 510 806 et
530 766 679 828 apparere
699 747 734 805 in
756 747 1022 826 disputationibus.
1064 747 1125 806 Sed
1147 749 1338 807 dimittamus

142 893 145 900 -
207 853 274 912 ista.
336 848 443 910 Scribo
463 848 553 907 vobis
578 866 635 926 pro
658 845 866 919 novitatibus,
902 846 985 925 quod
1010 845 1141 922 Iacobus
1169 846 1338 924 Wimplze-
1434 899 1435 926 ,

209 953 335 1030 lingna,
364 947 422 1026 qui,
441 945 532 1012 etiam
554 955 598 1004 est
619 944 738 1004 medius
761 944 988 1018 Reuchliuista,
1030 946 1156 1005 realiter
1175 956 1220 1006 est
1241 966 1337 1024 cxpe-
1434 937 1435 944 ἵ

203 1051 296 1110 ditus·
311 1067 369 1126 par
390 1043 542 1124 quendam
563 1043 753 1104 Monachum
775 1045 917 1103 Paulum
935 1045 1114 1122 Longinus,
1133 1043 1188 1123 qui
1210 1045 1338 1104 realiter

102 1139 140 1162 '⁴
208 1148 298 1209 scivit
318 1145 377 1206 sibi
399 1143 516 1216 dicere,
537 1140 619 1221 quod
641 1161 705 1200 nou
726 1151 809 1202 recte
829 1141 949 1222 scripsit
962 1143 996 1200 in
1017 1163 1079 1202 uno
1092 1142 1183 1216 libro,
1205 1144 1262 1222 qui
1279 1159 1337 1202 vo·
1434 1205 1435 1228 χ

209 1257 296 1306 catur
315 1243 353 1304 de
375 1241 571 1320 integritate,
595 1239 772 1314 -uidclicet,
807 1240 890 1319 quod
910 1239 1112 1300 sanctimonia
1130 1261 1196 1300 non
1215 1249 1337 1300 tantum
1434 1299 1435 1326 ,

204 1353 288 1407 ¹esset
308 1341 342 1400 in
365 1340 494 1399 cuculla.
546 1339 626 1398 Nam
642 1339 696 1398 ille
717 1337 888 1398 Monachus
910 1339 1082 1418 composuit
1102 1339 1199 1402 alium
1219 1340 1338 1400 librum
1434 1409 1435 1416 ἵ

189 1436 193 1446 ’
210 1452 332 1513 contra,
354 1438 408 1518 qui
429 1447 473 1498 cst
494 1438 678 1518 approbatus
697 1437 733 1496 in
754 1436 896 1516 capitulo
917 1437 981 1495 sive
1003 1439 1128 1516 Synodo
1149 1436 1336 1500 Reinhartz-

208 1538 371 1610 bonnensi,
392 1536 519 1599 Ordinis
536 1536 640 1596 Sancti
655 1535 833 1610 Benedicti,
855 1534 946 1594 Anno
968 1537 1098 1597 Domini
1122 1539 1217 1617 1509,
1241 1545 1332 1596 otest

209 1643 328 1704 bonum
347 1637 497 1699 latinum:
519 1637 693 1714 quiaunus
712 1633 802 1709 dixit,
825 1633 908 1714 quod
929 1646 1005 1700 essct
1026 1637 1124 1697 ferme
1144 1637 1187 1696 ita
1209 1637 1337 1706 bonum,

210 1722 290 1800 sicul
311 1735 497 1796 Doctrinnle
510 1731 689 1794 Alexandri
699 1755 711 1808 ,·
733 1733 839 1812 elego
861 1718 993 1793 multum
1015 1737 1148 1814 gaudeo,
1171 1733 1254 1812 quod
1272 1743 1338 1794 tau-

205 1849 242 1898 ta
262 1835 397 1896 latinitas
419 1833 510 1892 etiam
530 1831 692 1899 invenitur
714 1833 749 1891 in
770 1831 947 1916 Menochia,
978 1841 1008 1891 et
1027 1833 1088 1914 ip‘si
1108 1833 1200 1894 etiam
1221 1832 1337 1916 dicunt,

210 1936 296 2018 qnod
318 1932 596 2013 ‚superexcellerent
622 1931 729 2002 stilum
756 1929 930 2007 Ciceronis,
970 1931 1025 1991 aed
1052 1953 1107 2014 ego
1127 1954 1192 1994 non
1211 1931 1337 2005 credidi,

211 2035 284 2116 quia
309 2042 360 2093 eat
388 2051 450 2091 una
477 2039 550 2092 nota
580 2023 689 2102 altius„
732 2029 786 2089 sed
812 2030 952 2110 procedit
973 2031 1185 2092 doctrinaliter
1204 2031 1338 2092 multum

211 2143 318 2198 contra
332 2128 620 2210 Wimphelingum,
648 2129 793 2202 metrice,
819 2126 974 2208 prosaice,
1002 2143 1032 2189 et
1052 2130 1227 2212 rigmatice,
1248 2143 1279 2190 et
1298 2131 1339 2190 si-

174 2245 180 2258 ·
211 2243 265 2304 cut,
284 2251 339 2311 ego
358 2215 450 2309 puto,
472 2237 554 2287 recte
576 2227 685 2302 babet,
713 2227 796 2306 quod
816 2227 915 2287 omnis
935 2228 1064 2288 ¹scientia
1085 2231 1184 2289 estin
1206 2230 1337 2302 cuculla,

210 2332 245 2392 id
265 2341 324 2404 cat,
346 2332 379 2390 in
401 2325 575 2400 Mouacbia,
612 2327 685 2406 quia
705 2327 890 2386 transeundo
913 2328 1118 2388 deinferiori
1138 2327 1176 2387 ad
1196 2328 1358 2407 superius.

210 2427 361 2494 Monachi
379 2426 567 2505 scripserunt
587 2435 759 2506 commenta
779 2429 815 2484 in
838 2428 965 2505 regulas
987 2415 1261 2499 Grammaticales,
1303 2429 1338 2483 in

210 2529 378 2590 Donatum
387 2567 405 2598 ν
421 2526 455 2583 in
471 2528 603 2584 Petrum
617 2527 819 2601 Hispanum,
840 2529 876 2583 in
892 2526 1116 2604 Physicornm,
1137 2525 1338 2604 Metaplzysi-

212 2629 335 2694 eornm,
365 2621 607 2692 ethnicorum,
637 2635 668 2681 et
687 2624 731 2682 sic
751 2624 931 2684 commentis
949 2625 1014 2685 suis
1035 2624 1337 2694 commendaverunt,

212 2737 244 2784 ct
264 2725 298 2782 in
322 2721 461 2783 omnibus
479 2721 636 2781 scibilibus
656 2722 730 2782 facti
750 2734 821 2783 sunt
841 2723 1039 2802 magistrales.
1097 2723 1158 2782 Sed
1179 2742 1250 2782 cum
1264 2742 1339 2800 sup-

210 2822 384 2905 portatione
404 2840 460 2880 sua
481 2839 536 2900 ego
558 2821 797 2898 distinguerem,
818 2822 920 2903 primo
941 2824 979 2882 de
1000 2821 1182 2894 cucullatis,
1204 2820 1279 2900 quia
1295 2831 1339 2878 est

210 2924 362 2986 terminus
383 2919 567 2998 aequivocus
589 2920 628 2979 ad
648 2921 754 2981 multa.
817 2922 921 2982 Primo
942 2924 981 2983 ad
998 2922 1167 2994 Bobemos,
1204 2918 1260 2997 qui
1280 2917 1337 2977 ha-

211 3021 285 3080 bent
306 3017 439 3078 cucullas
461 3018 504 3078 ita
522 3019 646 3097 longas,
676 3030 711 3079 ut
730 3019 849 3080 radunt
868 3021 951 3080 ultra
972 3021 1131 3102 cingulum
1147 3016 1280 3091 abinde,
1308 3025 1338 3076 et

92 3149 99 3163 ·
210 3119 246 3178 in
266 3116 329 3176 illis
349 3136 413 3178 non
434 3129 478 3181 est
497 3118 638 3190 scientia,
658 3119 712 3176 sed
731 3118 835 3197 potius
854 3119 998 3179 haeresis.
1061 3117 1201 3178 Secundo
1222 3114 1262 3175 ad
1283 3116 1339 3174 Ju-

211 3216 303 3276 dacos
310 3257 318 3288 ,
348 3217 515 3292 quietiam
538 3226 609 3276 sunt
630 3217 790 3290 cucullati,
814 3227 845 3277 et
865 3227 968 3276 tamen
988 3199 1243 3288 non'scicntifici,
1265 3212 1340 3292 quia

211 3325 300 3376 extra
311 3316 488 3376 Ecclesiam.
550 3316 657 3376 Tertio
678 3305 716 3374 ad
739 3315 900 3402 Magistros
923 3325 1061 3391 nostros,
1093 3313 1147 3394 qui
1167 3322 1239 3372 snut
1258 3313 1339 3372 bene

210 3413 396 3486 illuminati,
415 3414 469 3480 sed
488 3432 553 3475 nou
573 3413 607 3474 iu
628 3415 825 3494 superlativo.
887 3417 1007 3492 Quarto
1027 3415 1066 3474 ad
1086 3411 1273 3486 Monachos,
1309 3421 1340 3468 et

210 3513 260 3574 illi
280 3513 544 3603 superexcellunt,
565 3524 596 3571 et
614 3512 729 3572 habent
750 3511 926 3587 scientiam,
946 3516 1026 3574 sicut
1044 3533 1099 3575 vos
1120 3509 1248 3573 habetis.
1275 3509 1341 3586 Igi-
1434 3571 1435 3574 ,

211 3621 264 3672 tur
284 3630 359 3691 rogo
379 3630 462 3685 vos„
489 3610 593 3690 juvate
623 3611 673 3670 illi
701 3610 873 3688 Monacho,
917 3611 1105 3693 quinetiam
1132 3631 1187 3674 vos
1208 3607 1279 3689 estis
1300 3627 1341 3666 cx
1434 3609 1435 3636 ¹

210 3717 318 3789 parte,
339 3708 373 3766 id
394 3718 454 3783 est,
470 3709 565 3795 tertio
587 3710 679 3768 modo
702 3710 880 3784 cucullatus,
901 3722 938 3773 ut
958 3711 1053 3792 possit
1072 3711 1185 3792 scripta
1204 3729 1261 3768 sua
1280 3706 1340 3766 de-

146 3847 150 3851 ·
211 3807 342 3867 fondere
362 3817 468 3868 contra
487 3807 767 3889 Wimplaelingum.
821 3809 922 3887 Quia,
943 3821 978 3870 ut
997 3811 1106 3886 audio,
1128 3806 1211 3890 quod
1232 3804 1341 3868 Wim·
1434 3829 1435 3848 1

211 3903 375 3985 phelingus
396 3905 488 3966 habet
508 3907 620 3968 multos
639 3907 822 3988 discipulos,
858 3928 935 3988 qnos
955 3909 1035 3969 mibi
1055 3930 1136 3970 unus
1157 3925 1259 3986 nuper
1280 3923 1341 3964 no-

185 4037 187 4042 =
211 4003 358 4076 minavit,
392 4004 447 4083 qui
476 4015 547 4066 sunt
576 4007 772 4086 Argentinac.
828 4007 916 4068 Unus
943 4019 1073 4072 vocatur
1091 4005 1222 4068 Iacobus
1243 4005 1339 4061 Star-

212 4101 312 4168 ma‘ns,
345 4103 473 4178 nobilis,
494 4113 599 4178 et,‚ut
620 4105 742 4178 dicunt,
770 4104 868 4165 bonus
887 4106 1032 4167 latinista.
1089 4107 1178 4170 Alius
1199 4103 1342 4162 Ottoma-

212 4220 268 4258 rna
284 4200 466 4270 Lammina,
487 4202 542 4283 qui
562 4202 655 4265 etiam
669 4203 732 4267 scit
751 4201 914 4283 Graccum,
934 4207 1013 4276 sicut
1026 4209 1157 4272 loannes
1170 4201 1339 4274 uenenis,
