2872 4722
198 295 261 362 1m
492 261 963 374 l'ar1sronsu

197 453 294 528 finem
307 453 389 518 circa
399 452 573 542 iibertstem
583 453 843 532 Ecclesiasticam,
863 453 946 518 nihil
959 451 1164 540 estamplius,
1184 453 1330 518 &molus

197 563 321 632 maneat
338 553 373 614 in
395 555 600 634 Monasteri03
638 575 658 614 o
681 555 790 616 Frater
809 554 879 630 mi,
923 554 991 616 rivi
1013 556 1213 638 pervenimus
1233 557 1327 617 illuc!
1429 627 1430 638 χ

197 654 282 733 Quis,
291 653 375 716 huuc
387 654 553 734 aliquando
567 653 671 736 potuit
689 673 815 735 sperare
834 655 1014 716 doloremi.
1032 656 1116 738 quod
1131 656 1229 726 nostri
1244 656 1329 737 opti-

196 753 242 816 mi
252 753 389 824 fautores
399 752 489 814 nobis
501 753 718 826 sicdeoedunt.
754 755 795 814 Et
814 767 896 814 certe
914 757 1104 824 reverendus
1120 749 1214 817 Pater
1235 755 1328 816 Prior

197 864 242 914 est
257 852 348 920 vaide
365 852 572 928 contristatas,
582 865 625 926 ‚et
641 853 704 914 fuit
719 853 874 934 aliquibus
887 853 995 916 diebus
1008 876 1083 936 prae
1097 854 1221 916 tristitia
1236 853 1328 914 infir-

162 1001 165 1016 ,
195 973 279 1014 mus:
304 951 465 1028 sedhodie
479 962 524 1014 est
532 961 659 1027 octava,
696 952 781 1033 quod
801 953 840 1016 de
855 975 947 1015 marre
962 953 1166 1036 posttertiam
1178 952 1329 1036 digestio-

194 1073 273 1128 nem,
286 1072 385 1126 unum
400 1051 516 1112 malum
529 1052 674 1114 sudorem
682 1052 793 1114 habuit
809 1063 839 1113 et
849 1055 1047 1136 postmodum
1059 1054 1204 1130 surrexit,
1226 1050 1327 1115 etivit
1431 1107 1432 1120 ,

193 1155 234 1222 ad
243 1174 320 1234 opus
331 1161 461 1214 namus
468 1185 488 1226 ,·
498 1161 529 1214 et
543 1153 660 1215 cacavit
674 1152 765 1215 vaide
780 1153 859 1214 male
870 1155 983 1231 nimis,
1005 1175 1070 1216 non
1085 1154 1190 1235 spisse,
1211 1154 1266 1214 sed
1276 1165 1327 1213 te-

191 1253 315 1325 nuiter,
337 1261 368 1312 et
382 1251 556 1325 factumest
569 1252 681 1314 melius
696 1252 778 1313 sirm
793 1252 893 1314 illum.
914 1255 977 1316 Sed
994 1254 1086 1314 habet
1103 1255 1215 1314 bonan
1228 1273 1326 1333 expe-

131 1337 136 1354 ’
192 1352 338 1416 stantiam
354 1351 393 1411 ab
404 1371 469 1412 uns
480 1350 614 1412 fautrice
630 1351 776 1425 Ordinis,
799 1353 977 1432 ,quaehcne
991 1356 1050 1415 soit
1061 1353 1110 1412 illi
1121 1373 1256 1433 coquere
1265 1353 1324 1412 bo·
1432 1354 1433 1372 ¹

191 1475 232 1515 na
245 1452 380 1532 juscula,
408 1460 441 1510 et
453 1450 603 1512 moniales
615 1450 768 1532 crepitus,
792 1439 826 1511 et
838 1450 1025 1532 hujusmodi.
1047 1451 1234 1512 charissime
1246 1453 1328 1512 Fra·

120 1620 123 1628 ¹
190 1565 254 1628 ter,
274 1552 302 1613 si
318 1551 391 1612 isici
403 1548 638 1610 nostriDomini
653 1559 754 1623 erunt,
776 1570 883 1611 omnes
894 1552 1097 1612 deridebunt:
1117 1551 1192 1632 quia
1203 1550 1265 1630 jaas
1275 1551 1325 1610 fe-

190 1662 301 1716 cerunt
312 1669 415 1714 unum
424 1648 626 1730 proverbium
639 1649 677 1709 de
691 1649 791 1728 nobis,
813 1660 844 1714 et
857 1661 1042 1731 acceperunt
1055 1650 1104 1709 illi
1116 1650 1154 1710 de
1166 1671 1228 1712 uno
1241 1649 1325 1710 anti·
1433 1687 1434 1710 ι

190 1773 268 1834 quo,
288 1749 380 1831 ¹quod
396 1749 511 1810 dicitur
527 1748 565 1808 de
578 1767 642 1808 uno
660 1749 815 1824 Plebano,
837 1749 892 1827 qui
908 1749 1043 1810 libenter
1056 1749 1190 1810 comedit
1204 1751 1324 1818 bonum
1433 1795 1434 1802 κ

189 1871 328 1924 caseum,
351 1859 382 1910 et
397 1847 519 1929 quando
534 1847 569 1908 in
586 1857 689 1908 sancta
705 1858 795 1908 aucte
810 1841 1000 1910 suitinludo
1012 1847 1163 1923 Paschali,
1183 1861 1325 1910 tancane

189 1954 271 2014 bona
286 1949 407 2012 fautrix
419 1947 479 2011 sibi
494 1948 609 2008 bonum
621 1967 743 2008 caseum
755 1947 889 2023 furavit,
903 1962 942 2008 .et
956 1947 1079 2028 quaudo
1092 1948 1214 2010 revenit
1226 1947 1322 2008 deln-
1434 2020 1435 2026 ἵ

190 2054 246 2127 do,
275 2060 306 2110 et
321 2069 385 2108 non
398 2045 520 2107 invenit
531 2066 668 2126 caseum,
703 2047 862 2108 clamavit:
883 2047 944 2107 Per
959 2047 1044 2107 Deos
1054 2060 1200 2124 sanctos,
1219 2067 1323 2108 mere-

188 2152 253 2214 trix
267 2149 386 2210 furavit
396 2166 527 2205 caseum.
561 2140 613 2205 sia
631 2145 695 2226 jam
708 2146 830 2227 quando
844 2167 900 2208 nos
916 2147 953 2207 de
969 2150 1068 2208 muris
1080 2145 1267 2228 exspicimus
1282 2146 1324 2206 ad

187 2253 320 2334 plateas,
341 2244 443 2306 solatii
457 2244 563 2326 gratia,
584 2244 645 2326 ipsi
660 2256 848 2308 convertunt
859 2248 1077 2328 proverbium,
1092 2266 1155 2306 non
1168 2245 1324 2326 simplici·

187 2362 250 2426 ter,
268 2346 326 2408 sed
340 2343 711 2427 percontrapositionem,
733 2356 764 2407 et
784 2347 931 2406 clamant:
959 2345 1076 2420 Audite
1086 2366 1144 2426 per
1155 2345 1325 2406 Deosssu-

144 2426 147 2442 ¹
188 2460 271 2525 ctos,
298 2443 449 2507 meretrix
465 2443 584 2506 furavit
600 2445 760 2505 cucullam.
791 2445 848 2505 Pie
861 2447 983 2520 Frater,
1001 2445 1049 2504 ¹sic
1061 2454 1183 2525 oportet
1194 2465 1252 2505 nos
1263 2441 1322 2505 iaa-

186 2553 262 2613 berc
276 2547 387 2607 multas
401 2552 432 2602 et
448 2562 572 2624 magnas
584 2544 765 2605 vexationes
780 2554 811 2604 et
824 2545 1038 2630 tribnlationes
1058 2545 1115 2615 sub
1136 2544 1201 2606 istis
1221 2545 1321 2619 laicis,

179 2643 182 2647 ’
186 2657 315 2732 propter
326 2642 478 2706 Ordinem
491 2653 640 2704 nostrum,
688 2645 729 2703 Et
746 2664 820 2711 vere
831 2644 894 2722 jam
910 2644 945 2702 in
959 2643 1047 2704 nobis
1063 2644 1235 2724 implentur
1246 2645 1321 2705 illae

188 2748 381 2828 Scripturas:
412 2742 526 2816 „Servi
540 2741 690 2802 dominati
703 2752 776 2801 sunt
789 2744 911 2819 nostri,
925 2762 990 2802 non
1004 2742 1066 2802 fnit
1080 2743 1135 2821 qai
1150 2743 1322 2806 redimeret
1350 2786 1355 2792 -

186 2847 453 2908 demanueorum.
475 2841 570 2899 Senes
581 2839 808 2900 defeceroutde
821 2840 930 2922 portis,
942 2839 1117 2929 juvenesde
1131 2842 1326 2924 choropsal*

185 2942 336 3015 lentium,
354 2938 467 3000 deiecit
476 2938 622 3018 gaudium
636 2938 737 2998 cordis
751 2940 865 3013 nostri,
886 2959 994 3000 versus
1008 2948 1053 2998 est
1063 2939 1098 3000 in
1108 2941 1236 3006 lactuca
1243 2943 1320 3002 cho-

186 3064 240 3105 rus
252 3041 387 3101 hosten“
428 3036 615 3099 Charissime
624 3038 749 3113 Frater,
773 3058 827 3098 one
838 3057 897 3119 pro
911 3037 1000 3098 nobis
1012 3039 1133 3113 Deum,
1154 3050 1191 3101 ut
1204 3041 1320 3110 liberet

186 3161 244 3204 nos
259 3161 278 3200 a
289 3138 377 3200 malis
389 3137 485 3197 laicis.
526 3132 870 3217 Sedquicquidfeceris,
885 3137 1091 3210 boneFrates,
1112 3137 1319 3200 videuthanc

185 3242 309 3304 literam
318 3238 367 3299 illi
377 3237 452 3297 mali
463 3234 599 3309 Ribaldi,
609 3236 732 3297 ¹Poetae
739 3237 923 3318 singulares,
943 3255 1007 3296 non
1017 3237 1130 3312 sciant,
1145 3246 1176 3298 et
1188 3257 1253 3299 nou
1264 3239 1319 3298 in-

186 3341 342 3422 telligant,
355 3335 519 3416 ,quisalias
530 3335 775 3416 eruntscripturi
787 3336 827 3394 de
836 3333 933 3400 nobis·
954 3334 1033 3395 Vale
1043 3336 1229 3414 pancretioe,
1243 3336 1321 3398 chae

186 3441 306 3504 fiuime
321 3437 502 3519 pieFrater.
542 3429 663 3494 Datum
677 3428 866 3494 Monasterio
877 3445 1000 3510 nostro,
1028 3435 1064 3494 iu
1078 3433 1187 3498 octavo
1202 3435 1317 3498 mensis

136 3563 137 3568 κ
186 3523 283 3620 niti,
303 3538 339 3598 sn
358 3556 441 3597 anso
460 3533 723 3596 sauxrusvra

270 3637 304 3698 si
313 3635 382 3717 quis
391 3634 528 3698 vulthoc
538 3631 791 3720 epistoliumcum
801 3631 959 3716 eiegantiis
968 3633 1148 3709 meliorare,
1171 3632 1316 3695 illabens

186 3747 300 3822 potest:
322 3735 376 3796 sed
386 3735 476 3796 debet
482 3743 602 3794 textum
616 3729 764 3793 historiae
777 3732 899 3794 mittere
912 3733 1066 3813 integram
1082 3731 1224 3808 manera,
1241 3733 1317 3812 quia

93 3841 99 3852 ‘
187 3836 371 3909 estveritaa,
390 3843 420 3894 et
429 3853 494 3897 non
502 3841 606 3915 potest
616 3829 728 3912 aliquis
740 3833 891 3894 tammala
903 3834 1055 3910 scribere,
1076 3835 1210 3901 multum
1224 3830 1316 3915 pejus

186 3938 275 3998 nobis
287 3933 437 3998 transivit.

267 4033 450 4106 Haeciitern
459 4026 674 4094 misssiuitex
680 4027 855 4104 Brabantia,
878 4053 942 4094 uno
958 4031 1181 4100 devotoFrarri
1193 4025 1315 4096 inMo.

187 4131 294 4216 guntin
298 4167 309 4210 ,
321 4132 359 4194 de
366 4127 521 4228 aliquibus
534 4128 624 4190 malis
631 4169 642 4203 ,
667 4136 698 4187 et
708 4127 918 4195 inchristianis
924 4132 1112 4198 novitatibus
1127 4131 1250 4215 scripta.

640 4253 852 4276 Q
