2866 4724
202 369 266 435 ara
502 375 514 406 ·-
554 365 863 439 nrnn'oor
909 371 1014 468 vu,

205 499 284 606 nbc,
300 525 438 593 fausto
444 513 464 606 ,³
474 527 690 614 duplicitates,
710 531 913 614 imposturas,
933 527 1098 612 figmenta,
1120 527 1269 606 technas,
1294 547 1347 591 oa-

204 630 358 706 lumniss,
377 631 590 708 vaframento,
620 631 873 716 versipellitates,
895 630 993 705 dolos,
1015 620 1245 706 simulationes,
1276 637 1344 690 tru-

207 731 271 804 ias,
293 729 526 811 sycophantias,
548 728 723 812 captiones,
749 728 870 805 vincla,
888 729 1033 810 pedicas,
1059 729 1202 810 laqueos,
1227 729 1344 801 foveas,

206 830 423 912 grassationes,
440 829 674 907 contentiones,
701 851 845 912 guerras,
875 827 1047 902 facfiones,
1072 827 1192 910 brigas,
1222 826 1347 908 inquic-

206 929 353 1000 tationes,
373 929 554 1005 violentias,
582 929 788 1005 turbationes,
810 928 927 1000 minas,
947 927 1180 1002 tribulationes,
1207 926 1347 987 vexatio-

207 1047 278 1097 nes,
301 1019 564 1104 machinationes,
586 1029 757 1104 molestias,
779 1027 923 1101 insidias,
945 1026 1035 1102 lites,
1056 1026 1242 1101 simultates,
1265 1025 1347 1085 invi-

207 1126 344 1203 dentiae,
378 1147 540 1204 rancores,
569 1130 675 1204 tricae,
699 1126 998 1202 circumductiones,
1024 1126 1174 1208 gryphos,
1193 1125 1348 1206 ambages,

207 1223 504 1303 circumventiones,
525 1227 746 1310 expilationes,
767 1225 979 1301 corrosiones,
999 1224 1235 1301 concussiones,
1257 1245 1349 1305 rapa·

208 1325 322 1399 citatos,
344 1324 505 1408 harpyias,
527 1328 710 1390 voracitates
731 1326 872 1399 caninas,
891 1324 1017 1408 lupinus
1037 1325 1249 1407 appetentias,
1269 1325 1349 1403 scyl-

206 1425 270 1501 las,
300 1414 490 1506 cb’arybdes,
519 1427 649 1504 damna,
674 1426 824 1509 jacturas,
853 1424 994 1508 rapinas,
1025 1423 1202 1506 dispendia,
1225 1424 1350 1484 abusio-

205 1545 276 1599 nes,
304 1525 507 1602 temeritatee,
539 1526 652 1610 flagra,
679 1527 888 1609 corruptelas,
920 1524 1150 1599 deformitates,
1194 1523 1348 1597 audacias,

206 1623 430 1704 turpitudines,
471 1625 735 1702 incontinentias,
765 1623 1013 1698 malivolentias,
1033 1621 1196 1705 perfidias,
1217 1643 1350 1705 perver-

206 1723 332 1784 sitates?
353 1724 441 1803 Quid
460 1725 558 1808 igptur
578 1728 607 1788 si
627 1735 659 1788 et
678 1726 872 1808 Pasquillum
894 1725 976 1785 male
996 1725 1187 1798 mactabunt,
1213 1733 1247 1784 et
1266 1723 1350 1782 Hat-

206 1834 314 1884 tennm
336 1824 471 1904 denique
493 1836 524 1886 et
544 1845 610 1904 me,
629 1839 661 1888 et
678 1824 765 1886 illins
786 1824 862 1887 Julii
883 1813 1044 1899 autorem,
1076 1823 1103 1883 si
1122 1823 1277 1883 nossentl
1319 1823 1348 1881 S.

206 1921 364 1984 Haeccine
379 1925 490 2008 religio
504 1933 574 2001 tua,
612 1946 631 1985 o
645 1923 770 1987 Pietas?
812 1925 888 1984 baec
902 1934 1047 2006 paxtun,
1089 1922 1260 2005 patientia,
1280 1923 1350 1983 lon-

208 2022 394 2106 ganimitas?
454 2045 534 2106 quae
552 2025 660 2100 doces,
699 2045 764 2085 uon
785 2045 852 2086 esse
870 2024 1086 2097 irascendum,
1118 2022 1153 2082 in
1173 2023 1253 2083 tales
1276 2041 1350 2084 con-

207 2123 353 2185 tumelias
380 2123 573 2207 prorumpis
631 2128 673 2187 P.
701 2124 793 2184 Unde
825 2124 917 2186 irasci
943 2123 1003 2186 tibi
1030 2122 1162 2185 videor?
1204 2141 1247 2182 ex
1280 2123 1350 2183 vul-

208 2233 284 2284 tune
305 2245 345 2285 an
365 2244 457 2294 voce,
479 2245 519 2286 an
534 2225 708 2301 excolore,
734 2244 775 2284 arr
796 2225 889 2286 etiam
911 2243 952 2284 ex
970 2222 1073 2284 verbis
1086 2221 1149 2283 tuis
1173 2232 1348 2302 correptam

209 2343 275 2384 esse
296 2326 344 2386 ire
365 2322 539 2405 intelligis?
560 2325 722 2403 Ubivides
736 2324 771 2386 in
786 2345 837 2385 me
858 2322 979 2384 occulos
994 2332 1105 2396 truces,
1128 2343 1162 2382 os
1177 2322 1346 2396 turbidum,

208 2422 374 2484 mamertia
391 2424 503 2484 labra?
543 2423 654 2506 Neque
676 2424 856 2486 immaniter
875 2425 992 2497 clamo,
1020 2441 1123 2501 neque
1143 2424 1178 2482 in
1198 2443 1345 2504 spumam,

138 2551 141 2558 ·
208 2523 397 2585 ruboremve
413 2521 599 2599 effervesco,
619 2546 721 2606 neque
741 2524 887 2608 pudenda
898 2523 969 2584 dico
985 2529 1038 2580 aut
1051 2521 1262 2602 poenitenda:
1284 2543 1346 2582 om-

208 2622 264 2682 nia
283 2622 366 2682 enim
388 2643 465 2685 vera
483 2634 567 2685 sunt.
588 2625 744 2707 Tempero
766 2634 869 2686 tamen
891 2620 979 2696 milri,
999 2621 1082 2701 quod
1102 2621 1214 2697 sciam,
1237 2620 1346 2682 meni-

209 2721 259 2782 bil
278 2723 361 2804 apud
381 2732 413 2783 te
435 2724 563 2799 efficere,
583 2725 636 2787 vel
649 2723 732 2806 apud
746 2723 818 2784 illos
839 2724 942 2799 etiam,
964 2741 1098 2801 quorum
1117 2721 1199 2783 illud
1216 2721 1346 2782 intereat

212 2822 389 2886 emendare,
432 2824 463 2882 S.
483 2824 548 2904 Qui
569 2823 653 2885 scis?
694 2827 736 2886 P.
758 2822 841 2903 Quia
860 2821 922 2903 jam
945 2822 1063 2883 dudum
1084 2821 1223 2884 frontem
1245 2821 1348 2882 indui-

211 2922 267 2982 stis
289 2921 479 2998 meretricis,
520 2944 623 3004 neque
643 2924 769 3006 potestis
788 2924 872 2984 ultra
891 2923 1091 2998 erubescere,
1130 2922 1287 3002 completa
1307 2933 1349 2980 est

213 3021 298 3082 enim
318 3020 439 3082 malitia
460 3031 569 3084 vestra.
625 3021 743 3084 Omnia
762 3045 841 3105 quae
863 3022 939 3082 olim
959 3023 999 3083 de
1017 3021 1134 3082 carnali
1153 3021 1351 3082 Hierusalem

213 3131 245 3182 et
264 3121 582 3203 Judaeaapropbetis
599 3117 780 3197 vaticinata,
809 3122 951 3184 nuncin
973 3122 1101 3182 ecclesia
1123 3121 1243 3182 Christi
1265 3141 1349 3182 com-

148 3263 151 3274 ·
211 3221 297 3304 pleta
316 3229 397 3283 suut.
426 3221 554 3283 -Videas
574 3220 637 3303 jam
656 3224 691 3284 in
713 3223 841 3286 ecclesia
858 3221 1103 3304 imperitissimos
1132 3239 1275 3302 quosque
1294 3222 1351 3282 tlo-

196 3328 302 3397 'rore,
324 3319 543 3383 administrare
560 3322 731 3384 sacerdotia
752 3335 782 3383 et
811 3331 969 3404 exoptatus
989 3321 1164 3403 plantaras,
1208 3322 1351 3396 abbatiss,

212 3420 461 3502 praeposituras,
505 3421 625 3504 spurios
652 3431 683 3483 et
712 3441 867 3482 manseres
893 3421 1052 3484 adbiberi:
1093 3421 1132 3482 de
1155 3421 1270 3501 quibus
1287 3441 1352 3482 non

212 3519 249 3581 iu
268 3519 369 3583 veteri
391 3521 460 3600 lege
480 3523 582 3582 solum
602 3531 802 3606 praeceptum
818 3522 945 3600 inerat,
980 3541 1022 3583 ne
1045 3519 1215 3584 introirent
1239 3521 1278 3582 iu
1304 3541 1354 3582 ec-

214 3618 340 3681 clesiam
361 3619 413 3680 dei
434 3621 587 3702 usquein
607 3631 747 3703 quartam
770 3622 1016 3704 generationem,
1043 3619 1152 3681 sedin
1172 3621 1353 3696 canonibus,

169 3757 170 3762 κ
215 3738 293 3801 quos
312 3717 374 3800 ipsi
394 3729 581 3796 sanxerunt,
626 3721 727 3783 need
748 3721 918 3784 sacerdotia
938 3723 991 3784 vel
1010 3719 1109 3780 officia
1128 3721 1353 3803 subrogentur:

215 3817 271 3879 sed
290 3818 365 3901 quia
391 3819 571 3882 nutrierunt
595 3820 710 3883 frontis
729 3821 888 3883 audaciam
917 3829 949 3882 et
972 3819 1201 3882 volubilitatem
1228 3822 1354 3904 liuguae

215 3917 399 3999 consequuti
419 3929 511 3998 sunt,
539 3921 653 4003 passim
673 3942 707 3982 se
727 3919 894 4003 ingerunt,
924 3941 943 3981 e
966 3918 1121 3982 contrario
1144 3915 1286 3982 eruditos
1304 3921 1353 3984 vi·

216 4037 268 4080 ros
288 4017 403 4095 latere,
423 4014 598 4097 obscurari,
626 4022 856 4104 persecutiones
874 4019 960 4102 pati,
984 4034 1015 4080 et
1034 4041 1099 4081 non
1117 4020 1219 4082 solum
1239 4021 1278 4082 in
1297 4041 1354 4102 po-

218 4115 322 4196 pulo„
333 4119 445 4180 velud
467 4121 607 4200 publicas
626 4121 788 4202 dignitates
808 4120 937 4202 gratiam
956 4141 1022 4182 non
1041 4119 1169 4195 habere,
1190 4119 1354 4182 sedetiam

219 4213 327 4294 inopia
346 4223 378 4274 et
398 4229 530 4298 egestate
548 4221 712 4281 tabescere.
732 4220 825 4280 Licet
834 4239 901 4282 non
919 4219 1070 4300 ignorem,
1090 4219 1163 4282 ideo
1176 4219 1255 4281 baec
1274 4219 1352 4292 fieri,

221 4313 295 4389 quia
302 4312 338 4374 in
345 4325 430 4376 certo
438 4325 520 4381 statu
533 4317 664 4384 fuerunt
672 4320 752 4384 ona:
774 4330 944 4407 etuontest
963 4319 1027 4384 illie
1046 4320 1082 4384 iu
1103 4323 1240 4404 presenti
1261 4319 1352 4384 retri-

536 4451 541 4486 l
