2896 4716
407 319 681 384 osseus.
721 313 948 416 vinos.
1153 272 1256 386 'nl'

13 541 14 556 ,
111 493 142 541 et
159 479 219 540 seit
238 477 372 540 multum
391 477 524 560 allegare
544 485 632 541 exus
652 474 795 558 Digestis,
816 487 848 536 et
862 475 954 540 mam
967 495 1007 537 ex
1020 476 1136 551 Biblia,
1157 473 1237 558 qima

109 600 175 640 nou
195 591 270 638 sunt
288 577 460 652 mirabilia,
484 575 556 654 quia
576 575 694 637 studuit
713 577 748 635 in
760 574 926 636 Parrhisia.
965 576 1043 636 Item
1055 577 1236 635 LucosBa-

110 677 231 747 todius,
268 687 298 734 et
317 679 449 736 Ioannes
472 675 630 754 Ruserm,
668 676 802 733 Ioannes
820 673 974 750 sapidas,
1007 674 1149 734 etmulti
1170 673 1235 746 alii,

110 775 165 855 qui
189 795 294 834 omnes
313 775 424 835 volunt
442 771 691 853 Wimpbelingio
716 773 825 851 juvare
856 783 962 832 contra
983 772 1162 844 cucullatos,
1204 781 1235 830 et

111 893 162 932 eos
184 871 310 932 realiter
331 871 478 951 expedire
499 871 534 930 iu
554 869 675 950 scriptis
694 871 765 930 suis.
820 871 861 931 Et
883 871 991 930 dicunt
1010 890 1130 942 omnes,
1152 868 1236 948 quod

50 1019 51 1024 ,
110 970 165 1028 ille
188 969 301 1032 Paulus
323 989 385 1028 non
409 983 453 1028 cst
473 970 719 1032 beuefundatue
739 967 774 1028 in
794 968 882 1028 dictis
902 968 979 1042 suis,
1016 978 1046 1029 at
1069 969 1148 1027 bene
1176 985 1235 1026 no-

110 1089 183 1128 rem
203 1067 310 1126 modis.
324 1067 504 1146 apostatavit
523 1068 561 1126 ab
583 1063 733 1141 Ordine,¹
751 1080 782 1127 et
811 1077 858 1127 est·
874 1067 1029 1146 inquietus
1051 1076 1082 1126 et
1100 1065 1235 1125 trniator

96 1167 282 1234 maximus,
318 1165 396 1225 sicut
424 1166 556 1245 ipsemet
580 1166 750 1226 Tritemius
775 1165 898 1245 scripsit
923 1168 959 1225 in
983 1151 1045 1226 uua
1079 1165 1170 1224 litera
1195 1163 1235 1223 ad

109 1265 337 1342 Hieronymum
346 1263 579 1344 .Tungersheim
600 1284 640 1325 ex
662 1263 848 1337 Ocheufurt,
872 1272 903 1323 et
922 1283 1067 1344 maguum
1087 1263 1234 1322 damnum

110 1372 172 1436 est,
213 1361 296 1441 quod
316 1360 426 1440 aliquis
452 1363 495 1420 sic
525 1362 615 1424 debet
639 1363 769 1444 perdere
799 1382 950 1441 papyrum
971 1363 1160 1428 incaustum,
1203 1370 1235 1422 et

109 1460 206 1520 etiam
226 1470 367 1539 tempus,
384 1459 465 1523 sicut
484 1461 550 1540 ipse
571 1461 673 1522 fecit..
715 1457 779 1539 lpsi
800 1460 892 1519 etiam
912 1442 1037 1540 dicunt,
1061 1460 1145 1540 quod
1163 1480 1234 1518 san·
1298 1451 1309 1478 '

109 1571 178 1626 ctus
198 1559 405 1636 Hieronymus
421 1559 527 1619 scribit
548 1558 586 1618 ad
609 1579 705 1619 unum
726 1557 916 1618 Monachum
935 1559 994 1619 sic:
1014 1558 1180 1638 Nunquam
1194 1557 1234 1617 de

109 1677 206 1718 manu
226 1666 297 1726 tua,
320 1657 371 1718 vel
392 1656 489 1716 oculis
510 1657 571 1717 tuis
592 1658 673 1719 liber
692 1657 834 1717 Psalterii
855 1657 1003 1718 discedat:
1035 1658 1165 1735 quodsi
1186 1677 1235 1716 cs-

108 1772 155 1818 sct
175 1776 300 1829 verum,
340 1764 414 1816 tunc
436 1755 585 1835 obligaret
603 1755 773 1816 Monachus
793 1775 932 1835 semper,
974 1765 1005 1814 et
1023 1775 1081 1835 pro
1102 1773 1233 1834 semper,
1330 1835 1332 1841 k

108 1858 181 1938 quia
203 1868 247 1916 est
268 1856 452 1933 negativum.
513 1853 553 1914 Et
579 1853 623 1912 sic
643 1853 791 1914 Monachi
809 1855 890 1914 nihil
905 1854 996 1930 ,aliud
1016 1855 1163 1914 deberent
1183 1852 1235 1912 fa-

109 1977 190 2028 cere,
209 1971 300 2032 quam
320 1955 503 2016 Psaltesinm
523 1954 645 2034 legere3
683 1955 738 2034 secl
765 1973 821 2032 ego
848 1953 942 2038 credo
968 1973 1033 2014 csse
1058 1952 1232 2024 mentitum,

109 2054 183 2134 quia
203 2064 323 2120 sanctus
340 2055 551 2132 Hieronymus
572 2063 633 2110 uret
651 2050 714 2112 fuit
734 2050 915 2126 Monachus,
937 2063 966 2112 et
985 2051 1056 2111 ideo
1076 2071 1140 2111 non
1155 2049 1233 2110 scri·

108 2153 172 2233 psit
191 2160 297 2211 contra
317 2171 376 2211 eos.
414 2152 533 2215 Audivi
554 2150 643 2211 etiam
663 2169 757 2210 uuam
777 2152 892 2210 trusam
915 2160 946 2210 at
965 2171 1104 2230 maguam
1124 2149 1234 2210 Ribal-
1325 2201 1330 2212 „

109 2251 208 2312 daiam
229 2250 269 2310 de
297 2269 360 2310 uuo
389 2248 539 2329 discipulo
561 2247 805 2329 Witupbeliugi,
847 2249 901 2326 qui
921 2269 1022 2329 nuper
1041 2247 1163 2328 quaudo
1183 2243 1233 2306 si·
1275 2297 1279 2308 .

109 2351 142 2410 bi
172 2349 317 2409 audacter
350 2346 389 2407 ad
424 2366 457 2414 os
489 2347 572 2408 dixi:
619 2351 730 2409 Vester
759 2356 939 2427 praeceptor
980 2345 1233 2427 Wimphelingus

109 2457 192 2508 errat
210 2447 319 2521 valde,
360 2445 433 2526 quia
456 2447 577 2527 scripsit
597 2457 703 2508 contra
721 2446 893 2526 Dominum
914 2445 1063 2508 Abbatem
1084 2443 1233 2506 Tritemi-

107 2567 180 2620 nm,
226 2558 256 2604 et
287 2554 393 2606 contra
420 2545 605 2620 Monachus,
647 2545 720 2624 quia
740 2547 774 2604 iu
792 2543 931 2604 doctrina
949 2565 1004 2604 sua
1024 2553 1056 2603 ct
1074 2544 1233 2602 sanctitate

107 2653 179 2706 arnt
199 2643 370 2719 notabiles,
405 2655 436 2702 et
454 2645 588 2703 multum
609 2643 718 2718 utiles,
756 2655 786 2702 et
804 2643 941 2704 Ecclesia
962 2641 1028 2722 jam·
1053 2653 1114 2710 neu
1139 2642 1232 2702 habet

108 2743 183 2803 alias
203 2727 378 2817 columnas,
400 2741 461 2802 nisi
481 2739 658 2801 Monachus.
701 2743 790 2802 Tunc
810 2742 865 2801 ille
887 2741 1054 2821 ‹linitaego
1076 2741 1234 2821 distinguo

107 2842 146 2900 de
160 2841 339 2915 Monachis,
359 2840 432 2920 quia
450 2840 646 2920 accipiuntur
665 2839 764 2900 tribus
786 2841 893 2901 modis.
951 2841 1056 2901 Primo
1081 2861 1138 2920 pro
1160 2861 1232 2900 sun·

106 2940 162 2999 ctis
178 2946 211 2999 et
219 2940 361 3011 utilibus,
377 2939 431 2998 sed
442 2937 609 2998 illisuutin
618 2938 712 2998 coelo.
745 2940 886 3000 Secundo
895 2960 952 3020 pro
962 2960 1020 2999 nec
1034 2939 1161 2999 utilibus
1172 2957 1230 2998 uec

105 3038 280 3110 inutilibus,
291 3046 322 3097 et
332 3037 381 3096 illi
389 3047 459 3097 siant
467 3037 541 3116 picti
551 3036 584 3096 in
593 3036 735 3096 Ecclesia.
756 3040 864 3100 Tertio
873 3039 965 3099 modo
976 3059 1034 3118 pro
1042 3039 1164 3118 illisqui
1174 3039 1230 3098 ad·
1268 3025 1273 3040 ’

104 3137 168 3197 huc
182 3135 313 3208 vivunt,
333 3144 364 3195 et
375 3136 536 3196 illimultis
547 3144 668 3209 nocent,
686 3135 777 3194 etiam
791 3157 855 3198 nou
874 3150 947 3198 sunt
967 3138 1062 3197 sancti
1068 3179 1078 3209 ,
1098 3139 1169 3216 quia
1189 3139 1232 3196 ita

103 3233 233 3314 superbi
255 3243 341 3305 suut,
362 3233 442 3295 sicut
462 3255 543 3294 unua
560 3233 755 3294 secularium.
785 3236 826 3296 Et
837 3237 880 3295 ita
899 3237 1032 3297 libenter
1045 3235 1158 3294 habent
1175 3254 1233 3312 pe·-

104 3333 215 3392 cunias
244 3341 276 3389 et
294 3331 438 3410 pulchras
458 3333 621 3405 mirliercs,
654 3333 726 3411 quia
747 3331 821 3394 veui
843 3353 945 3413 nupcr
963 3354 1003 3393 ex
1014 3333 1230 3412 Heidelberga,

102 3429 161 3490 ubi
174 3448 274 3509 prope
286 3429 520 3512 Heidelbergam
542 3440 587 3490 est
604 3451 685 3491 uuus
705 3452 832 3512 magnus
851 3432 965 3502 Abbas,
985 3430 1108 3511 pinguis
1129 3431 1231 3490 disco-

103 3526 169 3599 lus,
192 3536 223 3586 et
243 3527 301 3586 iste
321 3529 454 3608 abigavit
473 3548 578 3589 omues
600 3531 768 3590 Monachus
789 3532 828 3590 de
850 3528 979 3608 collegio
1001 3530 1032 3588 S.
1052 3529 1170 3602 Jacobi,
1199 3539 1229 3590 et

101 3623 171 3704 ipsc
192 3623 291 3699 dixit,
326 3627 408 3706 quod
429 3628 497 3688 vult
518 3628 561 3690 cis
580 3638 663 3690 recte
684 3629 800 3688 bouum
819 3628 1014 3708 pulmentum
1033 3645 1227 3708 praeparare,

103 3731 137 3784 et
156 3734 263 3800 postea
282 3725 409 3794 cessavit
436 3727 517 3786 ultra
545 3721 676 3786 diceres
715 3727 777 3786 sed
798 3725 861 3806 ipsi
880 3725 1003 3799 dicunt,
1046 3726 1128 3806 quod
1150 3727 1230 3786 beno

101 3819 218 3880 volunt
237 3823 378 3912 credere,
398 3824 480 3904 quod
500 3825 610 3886 fecerit
627 3825 698 3885 ideo
719 3824 788 3904 (der
799 3835 876 3904 grute
890 3822 1045 3897 Bruder),
1087 3823 1251 3903 qniaPa-¹

99 3916 219 3976 latinus
254 3923 322 3982 vult
346 3944 440 3984 uuam
469 3923 561 3984 aliam
589 3923 672 3984 viam
691 3922 867 3997 instituere',
908 3921 992 4002 quod
1018 3923 1122 3982 veniat
1147 3944 1229 3984 unus

89 4017 201 4075 Poeta
227 4016 267 4077 ad
293 4021 546 4101 Heidelbergam,
587 4023 644 4102 ,qui
673 4023 766 4083 faciut
790 4021 960 4084 Monachus
990 4019 1062 4079 istos
1084 4021 1124 4081 ¹et
1150 4024 1228 4083 alios

99 4114 270 4176 studentes
290 4138 374 4178 nunc
393 4119 505 4180 Latina
520 4121 616 4201 loqui.
657 4124 747 4182 Tunc
765 4122 820 4182 illc
840 4120 964 4201 pinguis
977 4121 1077 4181 Abbus
1096 4119 1155 4182 cito
1176 4121 1229 4182 iu·

98 4213 244 4289 tellexit,
263 4217 418 4295 quomodo
437 4217 601 4296 jecusculi
619 4213 714 4282 finem
735 4220 888 4303 accipere,
912 4228 943 4280 et
965 4218 1059 4280 dixit:
1080 4219 1228 4282 Monachi
