<?xml version="1.0" encoding="UTF-8"?>
<!DOCTYPE html PUBLIC "-//W3C//DTD XHTML 1.0 Transitional//EN"
    "http://www.w3.org/TR/xhtml1/DTD/xhtml1-transitional.dtd">
<html xmlns="http://www.w3.org/1999/xhtml" xml:lang="en" lang="en">
 <head>
  <title>
</title>
<meta http-equiv="Content-Type" content="text/html;charset=utf-8" />
  <meta name='ocr-system' content='tesseract 3.04.00' />
  <meta name='ocr-capabilities' content='ocr_page ocr_carea ocr_par ocr_line ocrx_word'/>
</head>
<body>
  <div class='ocr_page' id='page_1' title='image "./ulrichiabhutten04mngoog_0153.png"; bbox 0 0 2872 4722; ppageno 0'>
   <div class='ocr_carea' id='block_1_1' title="bbox 399 323 1240 406">
    <p class='ocr_par' dir='ltr' id='par_1_1' title="bbox 399 323 1240 406">
     <span class='ocr_line' id='line_1_1' title="bbox 399 323 1240 406; baseline 0.002 -2"><span class='ocrx_word' id='word_1_1' title='bbox 399 342 676 404; x_wconf 77' lang='lat' dir='ltr'><strong>osseus.</strong></span> <span class='ocrx_word' id='word_1_2' title='bbox 719 323 944 403; x_wconf 82' lang='lat' dir='ltr'><strong>vrnon.</strong></span> <span class='ocrx_word' id='word_1_3' title='bbox 1173 342 1240 406; x_wconf 29' lang='lat'><strong>1391</strong></span> 
     </span>
    </p>
   </div>
   <div class='ocr_carea' id='block_1_2' title="bbox 99 495 1236 1075">
    <p class='ocr_par' dir='ltr' id='par_1_2' title="bbox 99 495 1236 1075">
     <span class='ocr_line' id='line_1_2' title="bbox 102 495 1235 578; baseline -0.001 -18"><span class='ocrx_word' id='word_1_4' title='bbox 102 521 173 560; x_wconf 84' lang='lat' dir='ltr'><strong>eam·</strong></span> <span class='ocrx_word' id='word_1_5' title='bbox 189 499 231 560; x_wconf 84' lang='lat' dir='ltr'><strong>ob</strong></span> <span class='ocrx_word' id='word_1_6' title='bbox 251 519 374 559; x_wconf 80' lang='lat' dir='ltr'><strong>causam</strong></span> <span class='ocrx_word' id='word_1_7' title='bbox 402 497 505 570; x_wconf 89' lang='lat' dir='ltr'><strong>dicit‚·</strong></span> <span class='ocrx_word' id='word_1_8' title='bbox 528 495 652 576; x_wconf 84' lang='lat' dir='ltr'><strong>quando</strong></span> <span class='ocrx_word' id='word_1_9' title='bbox 677 517 751 560; x_wconf 78' lang='lat' dir='ltr'><strong>snus</strong></span> <span class='ocrx_word' id='word_1_10' title='bbox 779 496 1074 572; x_wconf 72' lang='lat' dir='ltr'><strong>meritasmeritas,</strong></span> <span class='ocrx_word' id='word_1_11' title='bbox 1112 508 1143 560; x_wconf 86' lang='lat' dir='ltr'><strong>et</strong></span> <span class='ocrx_word' id='word_1_12' title='bbox 1168 498 1235 578; x_wconf 85' lang='lat' dir='ltr'><strong>ipsu</strong></span> 
     </span>
     <span class='ocr_line' id='line_1_3' title="bbox 100 593 1234 679; baseline -0.003 -16"><span class='ocrx_word' id='word_1_13' title='bbox 100 602 194 663; x_wconf 78' lang='lat' dir='ltr'><strong>alium</strong></span> <span class='ocrx_word' id='word_1_14' title='bbox 213 599 363 679; x_wconf 81' lang='lat' dir='ltr'>accipiet,</span> <span class='ocrx_word' id='word_1_15' title='bbox 383 598 438 658; x_wconf 83' lang='lat' dir='ltr'><strong>ilia</strong></span> <span class='ocrx_word' id='word_1_16' title='bbox 456 597 549 658; x_wconf 84' lang='lat' dir='ltr'><strong>debet</strong></span> <span class='ocrx_word' id='word_1_17' title='bbox 568 595 659 656; x_wconf 83' lang='lat' dir='ltr'><strong>etiam</strong></span> <span class='ocrx_word' id='word_1_18' title='bbox 681 595 800 657; x_wconf 83' lang='lat' dir='ltr'><strong>nullam</strong></span> <span class='ocrx_word' id='word_1_19' title='bbox 823 606 933 654; x_wconf 61' lang='lat' dir='ltr'><strong>cutem»</strong></span> <span class='ocrx_word' id='word_1_20' title='bbox 946 593 1061 658; x_wconf 80' lang='lat' dir='ltr'><strong>habere</strong></span> <span class='ocrx_word' id='word_1_21' title='bbox 1081 596 1116 656; x_wconf 90' lang='lat' dir='ltr'><strong>in</strong></span> <span class='ocrx_word' id='word_1_22' title='bbox 1134 618 1234 660; x_wconf 86' lang='lat' dir='ltr'><strong>mem·</strong></span> 
     </span>
     <span class='ocr_line' id='line_1_4' title="bbox 99 691 1235 777; baseline -0.003 -19"><span class='ocrx_word' id='word_1_23' title='bbox 99 700 163 760; x_wconf 85' lang='lat' dir='ltr'><strong>bro.</strong></span> <span class='ocrx_word' id='word_1_24' title='bbox 186 699 272 777; x_wconf 83' lang='lat' dir='ltr'><strong>Ergo</strong></span> <span class='ocrx_word' id='word_1_25' title='bbox 292 717 357 757; x_wconf 90' lang='lat' dir='ltr'><strong>non</strong></span> <span class='ocrx_word' id='word_1_26' title='bbox 379 705 423 756; x_wconf 82' lang='lat' dir='ltr'><strong>est</strong></span> <span class='ocrx_word' id='word_1_27' title='bbox 443 691 639 768; x_wconf 84' lang='lat' dir='ltr'><strong>credendum,</strong></span> <span class='ocrx_word' id='word_1_28' title='bbox 663 695 748 774; x_wconf 81' lang='lat' dir='ltr'><strong>quod</strong></span> <span class='ocrx_word' id='word_1_29' title='bbox 767 705 849 755; x_wconf 84' lang='lat' dir='ltr'><strong>amat</strong></span> <span class='ocrx_word' id='word_1_30' title='bbox 867 693 1140 774; x_wconf 80' lang='lat' dir='ltr'><strong>Burgimagistros‚</strong></span> <span class='ocrx_word' id='word_1_31' title='bbox 1161 697 1235 774; x_wconf 83' lang='lat' dir='ltr'><strong>quia</strong></span> 
     </span>
     <span class='ocr_line' id='line_1_5' title="bbox 99 791 1236 876; baseline -0.002 -20"><span class='ocrx_word' id='word_1_32' title='bbox 99 795 337 876; x_wconf 77' lang='lat' dir='ltr'><strong>Burgimagistri</strong></span> <span class='ocrx_word' id='word_1_33' title='bbox 357 815 420 854; x_wconf 89' lang='lat' dir='ltr'><strong>non</strong></span> <span class='ocrx_word' id='word_1_34' title='bbox 439 794 569 854; x_wconf 87' lang='lat' dir='ltr'><strong>fuerunt</strong></span> <span class='ocrx_word' id='word_1_35' title='bbox 588 793 719 862; x_wconf 78' lang='lat' dir='ltr'><strong>ludaei,</strong></span> <span class='ocrx_word' id='word_1_36' title='bbox 756 814 814 854; x_wconf 91' lang='lat' dir='ltr'><strong>nec</strong></span> <span class='ocrx_word' id='word_1_37' title='bbox 835 801 907 852; x_wconf 81' lang='lat' dir='ltr'><strong>sunt</strong></span> <span class='ocrx_word' id='word_1_38' title='bbox 927 791 1120 865; x_wconf 80' lang='lat' dir='ltr'><strong>circumcisi,</strong></span> <span class='ocrx_word' id='word_1_39' title='bbox 1155 795 1236 854; x_wconf 86' lang='lat' dir='ltr'><strong>sieut</strong></span> 
     </span>
     <span class='ocr_line' id='line_1_6' title="bbox 100 883 1234 990; baseline -0.004 -34"><span class='ocrx_word' id='word_1_40' title='bbox 100 896 413 990; x_wconf 55' lang='lat' dir='ltr'><strong>Dominusffoanner</strong></span> <span class='ocrx_word' id='word_1_41' title='bbox 440 883 655 970; x_wconf 57' lang='lat' dir='ltr'><strong>Pfefferkorni</strong></span> <span class='ocrx_word' id='word_1_42' title='bbox 690 907 854 973; x_wconf 84' lang='lat' dir='ltr'><strong>propterea</strong></span> <span class='ocrx_word' id='word_1_43' title='bbox 882 887 1049 967; x_wconf 81' lang='lat' dir='ltr'><strong>relinquite</strong></span> <span class='ocrx_word' id='word_1_44' title='bbox 1078 892 1180 971; x_wconf 87' lang='lat' dir='ltr'><strong>ipsum</strong></span> <span class='ocrx_word' id='word_1_45' title='bbox 1200 894 1234 952; x_wconf 92' lang='lat' dir='ltr'><strong>in</strong></span> 
     </span>
     <span class='ocr_line' id='line_1_7' title="bbox 100 989 1236 1075; baseline -0.003 -22"><span class='ocrx_word' id='word_1_46' title='bbox 100 1015 192 1075; x_wconf 82' lang='lat' dir='ltr'><strong>pace:</strong></span> <span class='ocrx_word' id='word_1_47' title='bbox 237 993 312 1053; x_wconf 85' lang='lat' dir='ltr'><strong>alias</strong></span> <span class='ocrx_word' id='word_1_48' title='bbox 332 990 572 1054; x_wconf 84' lang='lat' dir='ltr'><strong>scribet&#39;contra</strong></span> <span class='ocrx_word' id='word_1_49' title='bbox 591 1009 646 1050; x_wconf 85' lang='lat' dir='ltr'><strong>vos</strong></span> <span class='ocrx_word' id='word_1_50' title='bbox 667 1010 766 1049; x_wconf 88' lang='lat' dir='ltr'><strong>unum</strong></span> <span class='ocrx_word' id='word_1_51' title='bbox 786 998 957 1059; x_wconf 86' lang='lat' dir='ltr'><strong>tractatum,</strong></span> <span class='ocrx_word' id='word_1_52' title='bbox 981 1007 1073 1067; x_wconf 86' lang='lat' dir='ltr'><strong>quem</strong></span> <span class='ocrx_word' id='word_1_53' title='bbox 1095 989 1236 1050; x_wconf 74' lang='lat' dir='ltr'><strong>intitula-</strong></span> 
     </span>
    </p>
   </div>
   <div class='ocr_carea' id='block_1_3' title="bbox 99 1084 1272 1169">
    <p class='ocr_par' dir='ltr' id='par_1_3' title="bbox 99 1084 1272 1169">
     <span class='ocr_line' id='line_1_8' title="bbox 99 1084 1272 1169; baseline -0.003 -17"><span class='ocrx_word' id='word_1_54' title='bbox 99 1093 162 1153; x_wconf 86' lang='lat' dir='ltr'><strong>bit:</strong></span> <span class='ocrx_word' id='word_1_55' title='bbox 193 1093 278 1167; x_wconf 86' lang='lat' dir='ltr'><strong>„Dio</strong></span> <span class='ocrx_word' id='word_1_56' title='bbox 293 1089 529 1169; x_wconf 84' lang='lat' dir='ltr'><strong>Sturmgloek,“</strong></span> <span class='ocrx_word' id='word_1_57' title='bbox 550 1097 585 1149; x_wconf 92' lang='lat' dir='ltr'><strong>ut</strong></span> <span class='ocrx_word' id='word_1_58' title='bbox 604 1087 679 1147; x_wconf 80' lang='lat' dir='ltr'><strong>fecit</strong></span> <span class='ocrx_word' id='word_1_59' title='bbox 699 1097 807 1148; x_wconf 87' lang='lat' dir='ltr'><strong>eontra</strong></span> <span class='ocrx_word' id='word_1_60' title='bbox 826 1084 992 1146; x_wconf 85' lang='lat' dir='ltr'><strong>Rcuchlin.</strong></span> <span class='ocrx_word' id='word_1_61' title='bbox 1035 1086 1098 1146; x_wconf 83' lang='lat' dir='ltr'><strong>Vos</strong></span> <span class='ocrx_word' id='word_1_62' title='bbox 1119 1088 1235 1150; x_wconf 84' lang='lat' dir='ltr'><strong>debetis</strong></span> <span class='ocrx_word' id='word_1_63' title='bbox 1265 1141 1272 1158; x_wconf 73' lang='grc'>,</span> 
     </span>
    </p>
   </div>
   <div class='ocr_carea' id='block_1_4' title="bbox 100 1180 1236 1561">
    <p class='ocr_par' dir='ltr' id='par_1_4' title="bbox 100 1180 1236 1561">
     <span class='ocr_line' id='line_1_9' title="bbox 100 1180 1236 1258; baseline -0.002 -8"><span class='ocrx_word' id='word_1_64' title='bbox 100 1192 190 1258; x_wconf 82' lang='lat' dir='ltr'><strong>istam</strong></span> <span class='ocrx_word' id='word_1_65' title='bbox 209 1192 333 1250; x_wconf 78' lang='lat' dir='ltr'><strong>literam</strong></span> <span class='ocrx_word' id='word_1_66' title='bbox 356 1187 517 1246; x_wconf 84' lang='lat' dir='ltr'><strong>ostendere</strong></span> <span class='ocrx_word' id='word_1_67' title='bbox 537 1182 674 1246; x_wconf 83' lang='lat' dir='ltr'><strong>Domin‘o</strong></span> <span class='ocrx_word' id='word_1_68' title='bbox 693 1184 806 1246; x_wconf 78' lang='lat' dir='ltr'><strong>Ioanni</strong></span> <span class='ocrx_word' id='word_1_69' title='bbox 823 1183 1041 1258; x_wconf 85' lang='lat' dir='ltr'><strong>Pfefferkorn,</strong></span> <span class='ocrx_word' id='word_1_70' title='bbox 1070 1196 1106 1246; x_wconf 89' lang='lat' dir='ltr'><strong>ut</strong></span> <span class='ocrx_word' id='word_1_71' title='bbox 1126 1180 1159 1248; x_wconf 79' lang='lat' dir='ltr'><strong>se</strong></span> <span class='ocrx_word' id='word_1_72' title='bbox 1180 1189 1236 1248; x_wconf 88' lang='lat' dir='ltr'><strong>do-</strong></span> 
     </span>
     <span class='ocr_line' id='line_1_10' title="bbox 100 1283 1234 1363; baseline -0.004 -12"><span class='ocrx_word' id='word_1_73' title='bbox 100 1290 210 1352; x_wconf 74' lang='lat' dir='ltr'><strong>tendat</strong></span> <span class='ocrx_word' id='word_1_74' title='bbox 230 1289 356 1350; x_wconf 80' lang='lat' dir='ltr'><strong>realiter</strong></span> <span class='ocrx_word' id='word_1_75' title='bbox 375 1296 483 1347; x_wconf 78' lang='lat' dir='ltr'><strong>contra</strong></span> <span class='ocrx_word' id='word_1_76' title='bbox 501 1285 577 1346; x_wconf 83' lang='lat' dir='ltr'><strong>tales</strong></span> <span class='ocrx_word' id='word_1_77' title='bbox 597 1283 743 1358; x_wconf 77' lang='lat' dir='ltr'><strong>Iudaeos,</strong></span> <span class='ocrx_word' id='word_1_78' title='bbox 771 1292 802 1341; x_wconf 87' lang='lat' dir='ltr'><strong>et</strong></span> <span class='ocrx_word' id='word_1_79' title='bbox 820 1283 1036 1342; x_wconf 83' lang='lat' dir='ltr'><strong>Hormannum</strong></span> <span class='ocrx_word' id='word_1_80' title='bbox 1055 1285 1234 1363; x_wconf 76' lang='lat' dir='ltr'><strong>Bacchium,</strong></span> 
     </span>
     <span class='ocr_line' id='line_1_11' title="bbox 101 1379 1236 1472; baseline -0.002 -24"><span class='ocrx_word' id='word_1_81' title='bbox 101 1389 252 1468; x_wconf 87' lang='lat' dir='ltr'><strong>quoniam</strong></span> <span class='ocrx_word' id='word_1_82' title='bbox 280 1387 347 1472; x_wconf 79' lang='lat' dir='ltr'><strong>ipsc</strong></span> <span class='ocrx_word' id='word_1_83' title='bbox 375 1397 419 1448; x_wconf 83' lang='lat' dir='ltr'><strong>est</strong></span> <span class='ocrx_word' id='word_1_84' title='bbox 446 1383 562 1444; x_wconf 83' lang='lat' dir='ltr'><strong>amicus</strong></span> <span class='ocrx_word' id='word_1_85' title='bbox 591 1379 678 1444; x_wconf 75' lang='lat' dir='ltr'><strong>meus</strong></span> <span class='ocrx_word' id='word_1_86' title='bbox 703 1380 980 1462; x_wconf 86' lang='lat' dir='ltr'><strong>singularissimus,</strong></span> <span class='ocrx_word' id='word_1_87' title='bbox 1023 1391 1055 1442; x_wconf 87' lang='lat' dir='ltr'><strong>et</strong></span> <span class='ocrx_word' id='word_1_88' title='bbox 1082 1387 1236 1448; x_wconf 76' lang='lat' dir='ltr'><strong>mutuavit</strong></span> 
     </span>
     <span class='ocr_line' id='line_1_12' title="bbox 100 1475 1235 1561; baseline -0.001 -15"><span class='ocrx_word' id='word_1_89' title='bbox 100 1487 184 1558; x_wconf 81' lang='lat' dir='ltr'><strong>mihi</strong></span> <span class='ocrx_word' id='word_1_90' title='bbox 204 1487 310 1547; x_wconf 83' lang='lat' dir='ltr'><strong>decern</strong></span> <span class='ocrx_word' id='word_1_91' title='bbox 336 1484 488 1557; x_wconf 88' lang='lat' dir='ltr'><strong>florenos,</strong></span> <span class='ocrx_word' id='word_1_92' title='bbox 524 1475 647 1561; x_wconf 65' lang='lat' dir='ltr'><strong>qu&#39;ando</strong></span> <span class='ocrx_word' id='word_1_93' title='bbox 668 1481 731 1542; x_wconf 82' lang='lat' dir='ltr'><strong>fuit</strong></span> <span class='ocrx_word' id='word_1_94' title='bbox 751 1487 911 1560; x_wconf 81' lang='lat' dir='ltr'><strong>promotus</strong></span> <span class='ocrx_word' id='word_1_95' title='bbox 931 1480 1145 1542; x_wconf 80' lang='lat' dir='ltr'><strong>Baccslaurius</strong></span> <span class='ocrx_word' id='word_1_96' title='bbox 1168 1484 1235 1545; x_wconf 88' lang='lat' dir='ltr'><strong>for-</strong></span> 
     </span>
    </p>
   </div>
   <div class='ocr_carea' id='block_1_5' title="bbox 3 1577 1235 1662">
    <p class='ocr_par' dir='ltr' id='par_1_5' title="bbox 3 1577 1235 1662">
     <span class='ocr_line' id='line_1_13' title="bbox 3 1577 1235 1662; baseline -0.004 -15"><span class='ocrx_word' id='word_1_97' title='bbox 3 1617 5 1628; x_wconf 92' lang='lat'><em>·</em></span> <span class='ocrx_word' id='word_1_98' title='bbox 100 1598 204 1646; x_wconf 84' lang='lat' dir='ltr'><strong>matus</strong></span> <span class='ocrx_word' id='word_1_99' title='bbox 223 1585 258 1644; x_wconf 88' lang='lat' dir='ltr'><strong>in</strong></span> <span class='ocrx_word' id='word_1_100' title='bbox 278 1581 456 1662; x_wconf 81' lang='lat' dir='ltr'><strong>Theologia.</strong></span> <span class='ocrx_word' id='word_1_101' title='bbox 520 1582 638 1642; x_wconf 84' lang='lat' dir='ltr'><strong>Datum</strong></span> <span class='ocrx_word' id='word_1_102' title='bbox 663 1600 703 1640; x_wconf 85' lang='lat' dir='ltr'><strong>ex</strong></span> <span class='ocrx_word' id='word_1_103' title='bbox 724 1579 851 1640; x_wconf 79' lang='lat' dir='ltr'>Verona</span> <span class='ocrx_word' id='word_1_104' title='bbox 870 1577 1058 1659; x_wconf 80' lang='lat' dir='ltr'><strong>Agrippina,</strong></span> <span class='ocrx_word' id='word_1_105' title='bbox 1096 1581 1151 1642; x_wconf 83' lang='lat' dir='ltr'><strong>ubi</strong></span> <span class='ocrx_word' id='word_1_106' title='bbox 1170 1585 1235 1646; x_wconf 86' lang='lat' dir='ltr'><strong>Bu-</strong></span> 
     </span>
    </p>
   </div>
   <div class='ocr_carea' id='block_1_6' title="bbox 99 1675 994 1762">
    <p class='ocr_par' dir='ltr' id='par_1_6' title="bbox 99 1675 994 1762">
     <span class='ocr_line' id='line_1_14' title="bbox 99 1675 994 1762; baseline -0.006 -19"><span class='ocrx_word' id='word_1_107' title='bbox 99 1684 209 1744; x_wconf 85' lang='lat' dir='ltr'><strong>schius</strong></span> <span class='ocrx_word' id='word_1_108' title='bbox 226 1693 257 1744; x_wconf 82' lang='lat' dir='ltr'><strong>ct</strong></span> <span class='ocrx_word' id='word_1_109' title='bbox 275 1681 339 1762; x_wconf 81' lang='lat' dir='ltr'><strong>ejus</strong></span> <span class='ocrx_word' id='word_1_110' title='bbox 352 1681 453 1742; x_wconf 84' lang='lat' dir='ltr'><strong>socius</strong></span> <span class='ocrx_word' id='word_1_111' title='bbox 467 1679 669 1742; x_wconf 80' lang='lat' dir='ltr'><strong>comederunt</strong></span> <span class='ocrx_word' id='word_1_112' title='bbox 682 1677 721 1738; x_wconf 87' lang='lat' dir='ltr'><strong>de</strong></span> <span class='ocrx_word' id='word_1_113' title='bbox 735 1678 845 1759; x_wconf 85' lang='lat' dir='ltr'><strong>pingui</strong></span> <span class='ocrx_word' id='word_1_114' title='bbox 860 1675 994 1742; x_wconf 75' lang='lat' dir='ltr'><strong>Gallina.</strong></span> 
     </span>
    </p>
   </div>
   <div class='ocr_carea' id='block_1_7' title="bbox 104 1843 1234 2028">
    <p class='ocr_par' dir='ltr' id='par_1_7' title="bbox 104 1843 1234 2028">
     <span class='ocr_line' id='line_1_15' title="bbox 104 1843 1234 1930; baseline -0.001 -23"><span class='ocrx_word' id='word_1_115' title='bbox 104 1844 274 1928; x_wconf 74' lang='lat' dir='ltr'><strong>Lupoldus</strong></span> <span class='ocrx_word' id='word_1_116' title='bbox 292 1843 511 1930; x_wconf 69' lang='lat' dir='ltr'><strong>Fede&#39;rfusins,</strong></span> <span class='ocrx_word' id='word_1_117' title='bbox 533 1866 602 1906; x_wconf 84' lang='lat' dir='ltr'><strong>mox</strong></span> <span class='ocrx_word' id='word_1_118' title='bbox 623 1843 848 1919; x_wconf 80' lang='lat' dir='ltr'><strong>licentiandus,</strong></span> <span class='ocrx_word' id='word_1_119' title='bbox 891 1846 940 1905; x_wconf 86' lang='lat' dir='ltr'><strong>M.</strong></span> <span class='ocrx_word' id='word_1_120' title='bbox 966 1844 1100 1906; x_wconf 81' lang='lat' dir='ltr'><strong>Ortuino</strong></span> <span class='ocrx_word' id='word_1_121' title='bbox 1123 1847 1234 1908; x_wconf 72' lang='lat' dir='ltr'><strong>Oratio</strong></span> 
     </span>
     <span class='ocr_line' id='line_1_16' title="bbox 251 1941 1089 2028; baseline 0.002 -24"><span class='ocrx_word' id='word_1_122' title='bbox 251 1958 294 2005; x_wconf 86' lang='lat' dir='ltr'><strong>tot</strong></span> <span class='ocrx_word' id='word_1_123' title='bbox 308 1947 424 2008; x_wconf 82' lang='lat' dir='ltr'><strong>salutes</strong></span> <span class='ocrx_word' id='word_1_124' title='bbox 442 1945 521 2004; x_wconf 74' lang='lat' dir='ltr'><strong>elicit</strong></span> <span class='ocrx_word' id='word_1_125' title='bbox 529 1983 539 2014; x_wconf 92' lang='lat'><em>,</em></span> <span class='ocrx_word' id='word_1_126' title='bbox 561 1955 634 2028; x_wconf 81' lang='lat' dir='ltr'><strong>quot</strong></span> <span class='ocrx_word' id='word_1_127' title='bbox 651 1964 748 2004; x_wconf 85' lang='lat' dir='ltr'><strong>aucae</strong></span> <span class='ocrx_word' id='word_1_128' title='bbox 762 1941 922 2004; x_wconf 82' lang='lat' dir='ltr'><strong>comedunt</strong></span> <span class='ocrx_word' id='word_1_129' title='bbox 930 1946 1089 2022; x_wconf 79' lang='lat' dir='ltr'><strong>gramina.</strong></span> 
     </span>
    </p>
   </div>
   <div class='ocr_carea' id='block_1_8' title="bbox 100 2066 1238 2957">
    <p class='ocr_par' dir='ltr' id='par_1_8' title="bbox 100 2066 1238 2957">
     <span class='ocr_line' id='line_1_17' title="bbox 184 2066 1236 2161; baseline 0 -17"><span class='ocrx_word' id='word_1_130' title='bbox 184 2083 321 2144; x_wconf 86' lang='lat' dir='ltr'><strong>Domine</strong></span> <span class='ocrx_word' id='word_1_131' title='bbox 332 2085 378 2142; x_wconf 88' lang='lat' dir='ltr'><strong>M.</strong></span> <span class='ocrx_word' id='word_1_132' title='bbox 395 2081 544 2144; x_wconf 85' lang='lat' dir='ltr'><strong>Ortuine!</strong></span> <span class='ocrx_word' id='word_1_133' title='bbox 585 2081 640 2142; x_wconf 83' lang='lat' dir='ltr'><strong>Est</strong></span> <span class='ocrx_word' id='word_1_134' title='bbox 660 2081 694 2141; x_wconf 93' lang='lat' dir='ltr'><strong>in</strong></span> <span class='ocrx_word' id='word_1_135' title='bbox 706 2080 884 2161; x_wconf 83' lang='lat' dir='ltr'><strong>Erphordia</strong></span> <span class='ocrx_word' id='word_1_136' title='bbox 902 2079 937 2139; x_wconf 91' lang='lat' dir='ltr'><strong>in</strong></span> <span class='ocrx_word' id='word_1_137' title='bbox 953 2066 1236 2160; x_wconf 67' lang='lat' dir='ltr'><strong>quodlibctis&#39;mcta</strong></span> 
     </span>
     <span class='ocr_line' id='line_1_18' title="bbox 102 2179 1236 2262; baseline -0.001 -20"><span class='ocrx_word' id='word_1_138' title='bbox 102 2203 166 2243; x_wconf 86' lang='lat' dir='ltr'><strong>una</strong></span> <span class='ocrx_word' id='word_1_139' title='bbox 188 2182 327 2262; x_wconf 75' lang='lat' dir='ltr'><strong>quaestio</strong></span> <span class='ocrx_word' id='word_1_140' title='bbox 349 2181 484 2241; x_wconf 85' lang='lat' dir='ltr'><strong>multum</strong></span> <span class='ocrx_word' id='word_1_141' title='bbox 503 2180 638 2254; x_wconf 84' lang='lat' dir='ltr'><strong>subtilis,</strong></span> <span class='ocrx_word' id='word_1_142' title='bbox 658 2179 691 2240; x_wconf 93' lang='lat' dir='ltr'><strong>in</strong></span> <span class='ocrx_word' id='word_1_143' title='bbox 715 2179 832 2240; x_wconf 82' lang='lat' dir='ltr'><strong>duabus</strong></span> <span class='ocrx_word' id='word_1_144' title='bbox 853 2179 1064 2253; x_wconf 80' lang='lat' dir='ltr'><strong>facultatibus,</strong></span> <span class='ocrx_word' id='word_1_145' title='bbox 1097 2182 1236 2246; x_wconf 79' lang='lat' dir='ltr'><strong>Theolo-</strong></span> 
     </span>
     <span class='ocr_line' id='line_1_19' title="bbox 100 2277 1236 2362; baseline -0.002 -22"><span class='ocrx_word' id='word_1_146' title='bbox 100 2283 193 2362; x_wconf 83' lang='lat' dir='ltr'><strong>gicali</strong></span> <span class='ocrx_word' id='word_1_147' title='bbox 217 2293 247 2340; x_wconf 84' lang='lat' dir='ltr'><strong>et</strong></span> <span class='ocrx_word' id='word_1_148' title='bbox 261 2279 446 2358; x_wconf 85' lang='lat' dir='ltr'><strong>Physiceii.·</strong></span> <span class='ocrx_word' id='word_1_149' title='bbox 469 2278 605 2356; x_wconf 82' lang='lat' dir='ltr'><strong>Quidam</strong></span> <span class='ocrx_word' id='word_1_150' title='bbox 626 2278 750 2350; x_wconf 89' lang='lat' dir='ltr'><strong>dicunt,</strong></span> <span class='ocrx_word' id='word_1_151' title='bbox 789 2277 912 2358; x_wconf 87' lang='lat' dir='ltr'><strong>quando</strong></span> <span class='ocrx_word' id='word_1_152' title='bbox 932 2277 1064 2338; x_wconf 82' lang='lat' dir='ltr'><strong>Iudaeus</strong></span> <span class='ocrx_word' id='word_1_153' title='bbox 1085 2277 1121 2339; x_wconf 87' lang='lat' dir='ltr'><strong>fit</strong></span> <span class='ocrx_word' id='word_1_154' title='bbox 1142 2281 1236 2340; x_wconf 79' lang='lat' dir='ltr'><strong>chri-</strong></span> 
     </span>
     <span class='ocr_line' id='line_1_20' title="bbox 101 2375 1236 2460; baseline -0.002 -20"><span class='ocrx_word' id='word_1_155' title='bbox 101 2382 238 2453; x_wconf 84' lang='lat' dir='ltr'><strong>stianus,</strong></span> <span class='ocrx_word' id='word_1_156' title='bbox 273 2399 331 2460; x_wconf 86' lang='lat' dir='ltr'><strong>pro</strong></span> <span class='ocrx_word' id='word_1_157' title='bbox 357 2389 432 2439; x_wconf 81' lang='lat' dir='ltr'><strong>tunc</strong></span> <span class='ocrx_word' id='word_1_158' title='bbox 461 2379 634 2439; x_wconf 83' lang='lat' dir='ltr'><strong>renascitur</strong></span> <span class='ocrx_word' id='word_1_159' title='bbox 659 2375 718 2436; x_wconf 83' lang='lat' dir='ltr'><strong>sibi</strong></span> <span class='ocrx_word' id='word_1_160' title='bbox 737 2376 950 2456; x_wconf 79' lang='lat' dir='ltr'><strong>praeputium,</strong></span> <span class='ocrx_word' id='word_1_161' title='bbox 993 2397 1071 2455; x_wconf 77' lang='lat' dir='ltr'><strong>quae</strong></span> <span class='ocrx_word' id='word_1_162' title='bbox 1093 2387 1137 2436; x_wconf 84' lang='lat' dir='ltr'><strong>est</strong></span> <span class='ocrx_word' id='word_1_163' title='bbox 1158 2379 1236 2438; x_wconf 85' lang='lat' dir='ltr'><strong>cutis</strong></span> 
     </span>
     <span class='ocr_line' id='line_1_21' title="bbox 100 2474 1233 2560; baseline -0.003 -21"><span class='ocrx_word' id='word_1_164' title='bbox 100 2478 244 2560; x_wconf 83' lang='lat' dir='ltr'><strong>praecisa</strong></span> <span class='ocrx_word' id='word_1_165' title='bbox 262 2477 302 2536; x_wconf 85' lang='lat' dir='ltr'><strong>de</strong></span> <span class='ocrx_word' id='word_1_166' title='bbox 320 2479 456 2540; x_wconf 85' lang='lat' dir='ltr'><strong>membro</strong></span> <span class='ocrx_word' id='word_1_167' title='bbox 476 2476 564 2536; x_wconf 84' lang='lat' dir='ltr'><strong>virili</strong></span> <span class='ocrx_word' id='word_1_168' title='bbox 583 2475 619 2535; x_wconf 90' lang='lat' dir='ltr'><strong>in</strong></span> <span class='ocrx_word' id='word_1_169' title='bbox 640 2475 819 2548; x_wconf 81' lang='lat' dir='ltr'><strong>nativitate,</strong></span> <span class='ocrx_word' id='word_1_170' title='bbox 840 2494 898 2554; x_wconf 88' lang='lat' dir='ltr'><strong>per</strong></span> <span class='ocrx_word' id='word_1_171' title='bbox 916 2474 1017 2554; x_wconf 85' lang='lat' dir='ltr'><strong>legem</strong></span> <span class='ocrx_word' id='word_1_172' title='bbox 1036 2475 1233 2554; x_wconf 75' lang='lat' dir='ltr'><strong>iudaeorum,</strong></span> 
     </span>
     <span class='ocr_line' id='line_1_22' title="bbox 101 2565 1238 2656; baseline 0.001 -21"><span class='ocrx_word' id='word_1_173' title='bbox 101 2589 132 2642; x_wconf 83' lang='lat' dir='ltr'><strong>ot</strong></span> <span class='ocrx_word' id='word_1_174' title='bbox 153 2577 209 2638; x_wconf 90' lang='lat' dir='ltr'><strong>illi</strong></span> <span class='ocrx_word' id='word_1_175' title='bbox 227 2576 354 2636; x_wconf 72' lang='lat' dir='ltr'><strong>senode</strong></span> <span class='ocrx_word' id='word_1_176' title='bbox 374 2577 425 2638; x_wconf 88' lang='lat' dir='ltr'><strong>via</strong></span> <span class='ocrx_word' id='word_1_177' title='bbox 443 2576 692 2654; x_wconf 86' lang='lat' dir='ltr'><strong>Theologorum,</strong></span> <span class='ocrx_word' id='word_1_178' title='bbox 732 2583 764 2632; x_wconf 85' lang='lat' dir='ltr'><strong>et</strong></span> <span class='ocrx_word' id='word_1_179' title='bbox 789 2572 909 2633; x_wconf 59' lang='lat' dir='ltr'><strong>habent»</strong></span> <span class='ocrx_word' id='word_1_180' title='bbox 930 2593 1005 2653; x_wconf 84' lang='lat' dir='ltr'><strong>prae</strong></span> <span class='ocrx_word' id='word_1_181' title='bbox 1025 2596 1057 2634; x_wconf 85' lang='lat' dir='ltr'><strong>se</strong></span> <span class='ocrx_word' id='word_1_182' title='bbox 1078 2565 1238 2656; x_wconf 63' lang='lat' dir='ltr'><strong>magistra-</strong></span> 
     </span>
     <span class='ocr_line' id='line_1_23' title="bbox 101 2664 1237 2756; baseline -0.002 -18"><span class='ocrx_word' id='word_1_183' title='bbox 101 2680 147 2738; x_wconf 84' lang='lat' dir='ltr'><strong>les</strong></span> <span class='ocrx_word' id='word_1_184' title='bbox 171 2676 323 2749; x_wconf 86' lang='lat' dir='ltr'><strong>rationes,</strong></span> <span class='ocrx_word' id='word_1_185' title='bbox 358 2675 397 2734; x_wconf 86' lang='lat' dir='ltr'><strong>de</strong></span> <span class='ocrx_word' id='word_1_186' title='bbox 412 2664 527 2756; x_wconf 80' lang='lat' dir='ltr'><strong>’quibus</strong></span> <span class='ocrx_word' id='word_1_187' title='bbox 548 2684 593 2734; x_wconf 89' lang='lat' dir='ltr'><strong>est</strong></span> <span class='ocrx_word' id='word_1_188' title='bbox 612 2693 692 2746; x_wconf 82' lang='lat' dir='ltr'><strong>una,</strong></span> <span class='ocrx_word' id='word_1_189' title='bbox 719 2673 803 2753; x_wconf 83' lang='lat' dir='ltr'><strong>quod</strong></span> <span class='ocrx_word' id='word_1_190' title='bbox 822 2673 898 2734; x_wconf 83' lang='lat' dir='ltr'><strong>alias</strong></span> <span class='ocrx_word' id='word_1_191' title='bbox 917 2673 1025 2734; x_wconf 85' lang='lat' dir='ltr'><strong>Judaei</strong></span> <span class='ocrx_word' id='word_1_192' title='bbox 1044 2674 1120 2736; x_wconf 82' lang='lat' dir='ltr'><strong>fecti</strong></span> <span class='ocrx_word' id='word_1_193' title='bbox 1141 2677 1237 2738; x_wconf 86' lang='lat' dir='ltr'><strong>Chri-</strong></span> 
     </span>
     <span class='ocr_line' id='line_1_24' title="bbox 101 2771 1233 2855; baseline -0.001 -18"><span class='ocrx_word' id='word_1_194' title='bbox 101 2777 195 2837; x_wconf 81' lang='lat' dir='ltr'><strong>sticni</strong></span> <span class='ocrx_word' id='word_1_195' title='bbox 214 2775 250 2835; x_wconf 88' lang='lat' dir='ltr'><strong>in</strong></span> <span class='ocrx_word' id='word_1_196' title='bbox 270 2785 407 2838; x_wconf 82' lang='lat' dir='ltr'><strong>extremo</strong></span> <span class='ocrx_word' id='word_1_197' title='bbox 428 2773 544 2855; x_wconf 86' lang='lat' dir='ltr'><strong>judicio</strong></span> <span class='ocrx_word' id='word_1_198' title='bbox 565 2781 749 2854; x_wconf 77' lang='lat' dir='ltr'><strong>putarentur</strong></span> <span class='ocrx_word' id='word_1_199' title='bbox 770 2793 834 2833; x_wconf 87' lang='lat' dir='ltr'><strong>esse</strong></span> <span class='ocrx_word' id='word_1_200' title='bbox 853 2771 972 2846; x_wconf 84' lang='lat' dir='ltr'><strong>Judaei,</strong></span> <span class='ocrx_word' id='word_1_201' title='bbox 992 2772 1019 2832; x_wconf 88' lang='lat' dir='ltr'><strong>si</strong></span> <span class='ocrx_word' id='word_1_202' title='bbox 1039 2787 1139 2835; x_wconf 84' lang='lat' dir='ltr'><strong>essent</strong></span> <span class='ocrx_word' id='word_1_203' title='bbox 1156 2777 1233 2836; x_wconf 90' lang='lat' dir='ltr'><strong>nudi</strong></span> 
     </span>
     <span class='ocr_line' id='line_1_25' title="bbox 104 2866 1237 2957; baseline 0.001 -23"><span class='ocrx_word' id='word_1_204' title='bbox 104 2877 139 2936; x_wconf 89' lang='lat' dir='ltr'><strong>in</strong></span> <span class='ocrx_word' id='word_1_205' title='bbox 158 2877 301 2957; x_wconf 88' lang='lat' dir='ltr'><strong>ipsorum</strong></span> <span class='ocrx_word' id='word_1_206' title='bbox 329 2875 468 2935; x_wconf 84' lang='lat' dir='ltr'><strong>membro</strong></span> <span class='ocrx_word' id='word_1_207' title='bbox 488 2866 594 2947; x_wconf 85' lang='lat' dir='ltr'><strong>virili,</strong></span> <span class='ocrx_word' id='word_1_208' title='bbox 635 2882 666 2932; x_wconf 89' lang='lat' dir='ltr'><strong>ct</strong></span> <span class='ocrx_word' id='word_1_209' title='bbox 697 2872 741 2931; x_wconf 88' lang='lat' dir='ltr'><strong>sie</strong></span> <span class='ocrx_word' id='word_1_210' title='bbox 768 2872 844 2954; x_wconf 85' lang='lat' dir='ltr'><strong>ipsis</strong></span> <span class='ocrx_word' id='word_1_211' title='bbox 873 2871 963 2932; x_wconf 89' lang='lat' dir='ltr'><strong>fieret</strong></span> <span class='ocrx_word' id='word_1_212' title='bbox 986 2871 1112 2954; x_wconf 80' lang='lat' dir='ltr'><strong>injurie.</strong></span> <span class='ocrx_word' id='word_1_213' title='bbox 1175 2877 1237 2936; x_wconf 83' lang='lat' dir='ltr'><strong>Sed</strong></span> 
     </span>
    </p>
   </div>
   <div class='ocr_carea' id='block_1_9' title="bbox 104 2969 1287 3054">
    <p class='ocr_par' dir='ltr' id='par_1_9' title="bbox 104 2969 1287 3054">
     <span class='ocr_line' id='line_1_26' title="bbox 104 2969 1287 3054; baseline 0.002 -18"><span class='ocrx_word' id='word_1_214' title='bbox 104 2978 191 3036; x_wconf 85' lang='lat' dir='ltr'><strong>Deus</strong></span> <span class='ocrx_word' id='word_1_215' title='bbox 211 2974 334 3034; x_wconf 89' lang='lat' dir='ltr'><strong>nemini</strong></span> <span class='ocrx_word' id='word_1_216' title='bbox 356 2975 423 3036; x_wconf 85' lang='lat' dir='ltr'><strong>vult</strong></span> <span class='ocrx_word' id='word_1_217' title='bbox 442 2973 545 3034; x_wconf 78' lang='lat' dir='ltr'><strong>faeere</strong></span> <span class='ocrx_word' id='word_1_218' title='bbox 564 2969 732 3051; x_wconf 82' lang='lat' dir='ltr'><strong>injuriam:</strong></span> <span class='ocrx_word' id='word_1_219' title='bbox 762 2992 834 3054; x_wconf 83' lang='lat' dir='ltr'><strong>ergo</strong></span> <span class='ocrx_word' id='word_1_220' title='bbox 851 2981 906 3032; x_wconf 87' lang='lat' dir='ltr'><strong>etc.</strong></span> <span class='ocrx_word' id='word_1_221' title='bbox 968 2973 1040 3034; x_wconf 86' lang='lat' dir='ltr'><strong>Alia</strong></span> <span class='ocrx_word' id='word_1_222' title='bbox 1056 2976 1134 3036; x_wconf 79' lang='lat' dir='ltr'><strong>ratio</strong></span> <span class='ocrx_word' id='word_1_223' title='bbox 1153 2987 1238 3038; x_wconf 85' lang='lat' dir='ltr'><strong>tenet</strong></span> <span class='ocrx_word' id='word_1_224' title='bbox 1283 3036 1287 3054; x_wconf 71' lang='grc'>,</span> 
     </span>
    </p>
   </div>
   <div class='ocr_carea' id='block_1_10' title="bbox 105 3070 1238 3254">
    <p class='ocr_par' dir='ltr' id='par_1_10' title="bbox 105 3070 1238 3254">
     <span class='ocr_line' id='line_1_27' title="bbox 106 3070 1238 3151; baseline -0.004 -17"><span class='ocrx_word' id='word_1_225' title='bbox 106 3096 145 3134; x_wconf 81' lang='lat' dir='ltr'><strong>ex</strong></span> <span class='ocrx_word' id='word_1_226' title='bbox 165 3076 349 3136; x_wconf 79' lang='lat' dir='ltr'><strong>auctoritate</strong></span> <span class='ocrx_word' id='word_1_227' title='bbox 362 3073 554 3148; x_wconf 82' lang='lat' dir='ltr'><strong>Psalmistae‚</strong></span> <span class='ocrx_word' id='word_1_228' title='bbox 578 3070 634 3151; x_wconf 89' lang='lat' dir='ltr'><strong>qui</strong></span> <span class='ocrx_word' id='word_1_229' title='bbox 654 3070 748 3130; x_wconf 87' lang='lat' dir='ltr'><strong>dicit:</strong></span> <span class='ocrx_word' id='word_1_230' title='bbox 790 3071 851 3146; x_wconf 78' lang='lat' dir='ltr'><strong>„Et</strong></span> <span class='ocrx_word' id='word_1_231' title='bbox 878 3073 1035 3140; x_wconf 78' lang='lat' dir='ltr'><strong>abscondit</strong></span> <span class='ocrx_word' id='word_1_232' title='bbox 1062 3097 1112 3136; x_wconf 80' lang='lat' dir='ltr'><strong>me</strong></span> <span class='ocrx_word' id='word_1_233' title='bbox 1132 3077 1165 3136; x_wconf 83' lang='lat' dir='ltr'><strong>in</strong></span> <span class='ocrx_word' id='word_1_234' title='bbox 1187 3078 1238 3136; x_wconf 78' lang='lat' dir='ltr'><strong>die</strong></span> 
     </span>
     <span class='ocr_line' id='line_1_28' title="bbox 105 3171 1238 3254; baseline -0.006 -21"><span class='ocrx_word' id='word_1_235' title='bbox 105 3175 279 3247; x_wconf 86' lang='lat' dir='ltr'><strong>malcrum,</strong></span> <span class='ocrx_word' id='word_1_236' title='bbox 300 3184 331 3234; x_wconf 94' lang='lat' dir='ltr'><strong>et</strong></span> <span class='ocrx_word' id='word_1_237' title='bbox 347 3173 485 3254; x_wconf 85' lang='lat' dir='ltr'><strong>protexit</strong></span> <span class='ocrx_word' id='word_1_238' title='bbox 506 3193 555 3238; x_wconf 86' lang='lat' dir='ltr'><strong>me</strong></span> <span class='ocrx_word' id='word_1_239' title='bbox 576 3171 610 3231; x_wconf 91' lang='lat' dir='ltr'><strong>in</strong></span> <span class='ocrx_word' id='word_1_240' title='bbox 631 3171 839 3234; x_wconf 82' lang='lat' dir='ltr'><strong>absconditc.“</strong></span> <span class='ocrx_word' id='word_1_241' title='bbox 881 3173 983 3247; x_wconf 88' lang='lat' dir='ltr'><strong>Dicit,</strong></span> <span class='ocrx_word' id='word_1_242' title='bbox 1012 3174 1046 3234; x_wconf 89' lang='lat' dir='ltr'><strong>in</strong></span> <span class='ocrx_word' id='word_1_243' title='bbox 1069 3177 1119 3236; x_wconf 90' lang='lat' dir='ltr'><strong>die</strong></span> <span class='ocrx_word' id='word_1_244' title='bbox 1141 3179 1238 3238; x_wconf 87' lang='lat' dir='ltr'><strong>malo..</strong></span> 
     </span>
    </p>
   </div>
   <div class='ocr_carea' id='block_1_11' title="bbox 104 3263 1350 3354">
    <p class='ocr_par' dir='ltr' id='par_1_11' title="bbox 104 3263 1350 3354">
     <span class='ocr_line' id='line_1_29' title="bbox 104 3263 1350 3354; baseline 0.003 -22"><span class='ocrx_word' id='word_1_245' title='bbox 104 3293 195 3346; x_wconf 84' lang='lat' dir='ltr'><strong>rum,</strong></span> <span class='ocrx_word' id='word_1_246' title='bbox 232 3272 352 3346; x_wconf 80' lang='lat' dir='ltr'><strong>idest,</strong></span> <span class='ocrx_word' id='word_1_247' title='bbox 384 3272 418 3332; x_wconf 94' lang='lat' dir='ltr'><strong>in</strong></span> <span class='ocrx_word' id='word_1_248' title='bbox 440 3281 578 3332; x_wconf 84' lang='lat' dir='ltr'><strong>extremo</strong></span> <span class='ocrx_word' id='word_1_249' title='bbox 599 3269 732 3348; x_wconf 85' lang='lat' dir='ltr'><strong>judicic,</strong></span> <span class='ocrx_word' id='word_1_250' title='bbox 768 3273 804 3334; x_wconf 87' lang='lat' dir='ltr'><strong>in</strong></span> <span class='ocrx_word' id='word_1_251' title='bbox 824 3273 906 3334; x_wconf 79' lang='lat' dir='ltr'><strong>valle</strong></span> <span class='ocrx_word' id='word_1_252' title='bbox 925 3273 1083 3353; x_wconf 74' lang='lat' dir='ltr'><strong>iosaphat,</strong></span> <span class='ocrx_word' id='word_1_253' title='bbox 1113 3276 1236 3354; x_wconf 85' lang='lat' dir='ltr'><strong>quando</strong></span> <span class='ocrx_word' id='word_1_254' title='bbox 1348 3263 1350 3273; x_wconf 48' lang='lat'>¹</span> 
     </span>
    </p>
   </div>
   <div class='ocr_carea' id='block_1_12' title="bbox 105 3369 1240 3650">
    <p class='ocr_par' dir='ltr' id='par_1_12' title="bbox 105 3369 1240 3650">
     <span class='ocr_line' id='line_1_30' title="bbox 105 3369 1239 3452; baseline 0 -18"><span class='ocrx_word' id='word_1_255' title='bbox 105 3379 231 3452; x_wconf 81' lang='lat' dir='ltr'><strong>oportet</strong></span> <span class='ocrx_word' id='word_1_256' title='bbox 257 3371 388 3432; x_wconf 86' lang='lat' dir='ltr'><strong>reddere</strong></span> <span class='ocrx_word' id='word_1_257' title='bbox 414 3371 582 3432; x_wconf 70' lang='lat' dir='ltr'><strong>rationem</strong></span> <span class='ocrx_word' id='word_1_258' title='bbox 597 3369 737 3432; x_wconf 86' lang='lat' dir='ltr'><strong>omnium</strong></span> <span class='ocrx_word' id='word_1_259' title='bbox 764 3373 927 3432; x_wconf 86' lang='lat' dir='ltr'><strong>malorum.</strong></span> <span class='ocrx_word' id='word_1_260' title='bbox 989 3371 1075 3432; x_wconf 85' lang='lat' dir='ltr'><strong>Alias</strong></span> <span class='ocrx_word' id='word_1_261' title='bbox 1105 3375 1239 3434; x_wconf 83' lang='lat' dir='ltr'><strong>rationes</strong></span> 
     </span>
     <span class='ocr_line' id='line_1_31' title="bbox 105 3469 1240 3554; baseline -0.002 -22"><span class='ocrx_word' id='word_1_262' title='bbox 105 3471 254 3550; x_wconf 85' lang='lat' dir='ltr'><strong>relinquo</strong></span> <span class='ocrx_word' id='word_1_263' title='bbox 274 3481 403 3554; x_wconf 79' lang='lat' dir='ltr'><strong>propter</strong></span> <span class='ocrx_word' id='word_1_264' title='bbox 422 3470 619 3532; x_wconf 81' lang='lat' dir='ltr'><strong>brevitatem:</strong></span> <span class='ocrx_word' id='word_1_265' title='bbox 661 3489 702 3532; x_wconf 83' lang='lat' dir='ltr'><strong>cx</strong></span> <span class='ocrx_word' id='word_1_266' title='bbox 716 3491 779 3550; x_wconf 89' lang='lat' dir='ltr'><strong>quo</strong></span> <span class='ocrx_word' id='word_1_267' title='bbox 801 3471 836 3530; x_wconf 85' lang='lat' dir='ltr'><strong>in</strong></span> <span class='ocrx_word' id='word_1_268' title='bbox 855 3469 1031 3548; x_wconf 87' lang='lat' dir='ltr'><strong>Erphordia</strong></span> <span class='ocrx_word' id='word_1_269' title='bbox 1050 3491 1156 3530; x_wconf 82' lang='lat' dir='ltr'><strong>sumus</strong></span> <span class='ocrx_word' id='word_1_270' title='bbox 1172 3494 1240 3532; x_wconf 86' lang='lat' dir='ltr'><strong>mo-</strong></span> 
     </span>
     <span class='ocr_line' id='line_1_32' title="bbox 106 3561 1240 3650; baseline 0.003 -19"><span class='ocrx_word' id='word_1_271' title='bbox 106 3571 216 3644; x_wconf 87' lang='lat' dir='ltr'><strong>derni,</strong></span> <span class='ocrx_word' id='word_1_272' title='bbox 239 3580 271 3630; x_wconf 86' lang='lat' dir='ltr'><strong>ct</strong></span> <span class='ocrx_word' id='word_1_273' title='bbox 290 3571 434 3630; x_wconf 84' lang='lat' dir='ltr'><strong>moderni</strong></span> <span class='ocrx_word' id='word_1_274' title='bbox 453 3590 575 3650; x_wconf 86' lang='lat' dir='ltr'><strong>semper</strong></span> <span class='ocrx_word' id='word_1_275' title='bbox 597 3569 732 3650; x_wconf 82' lang='lat' dir='ltr'><strong>gaudent</strong></span> <span class='ocrx_word' id='word_1_276' title='bbox 751 3569 919 3643; x_wconf 82' lang='lat' dir='ltr'><strong>brevitate,</strong></span> <span class='ocrx_word' id='word_1_277' title='bbox 939 3576 976 3628; x_wconf 91' lang='lat' dir='ltr'><strong>ut</strong></span> <span class='ocrx_word' id='word_1_278' title='bbox 995 3568 1086 3632; x_wconf 78' lang='lat' dir='ltr'><strong>scitis.</strong></span> <span class='ocrx_word' id='word_1_279' title='bbox 1137 3561 1240 3634; x_wconf 88' lang='lat' dir='ltr'><strong>Etiam</strong></span> 
     </span>
    </p>
   </div>
   <div class='ocr_carea' id='block_1_13' title="bbox 104 3665 1317 3751">
    <p class='ocr_par' dir='ltr' id='par_1_13' title="bbox 104 3665 1317 3751">
     <span class='ocr_line' id='line_1_33' title="bbox 104 3665 1317 3751; baseline 0.002 -20"><span class='ocrx_word' id='word_1_280' title='bbox 104 3690 163 3750; x_wconf 88' lang='lat' dir='ltr'><strong>pro</strong></span> <span class='ocrx_word' id='word_1_281' title='bbox 186 3690 242 3744; x_wconf 87' lang='lat' dir='ltr'><strong>eo,</strong></span> <span class='ocrx_word' id='word_1_282' title='bbox 263 3669 347 3749; x_wconf 89' lang='lat' dir='ltr'><strong>quod</strong></span> <span class='ocrx_word' id='word_1_283' title='bbox 368 3689 422 3751; x_wconf 82' lang='lat' dir='ltr'><strong>ogo</strong></span> <span class='ocrx_word' id='word_1_284' title='bbox 442 3668 541 3732; x_wconf 77' lang='lat' dir='ltr'><strong>habco</strong></span> <span class='ocrx_word' id='word_1_285' title='bbox 563 3670 676 3730; x_wconf 76' lang='lat' dir='ltr'><strong>malam</strong></span> <span class='ocrx_word' id='word_1_286' title='bbox 695 3665 895 3739; x_wconf 81' lang='lat' dir='ltr'><strong>memoriam,</strong></span> <span class='ocrx_word' id='word_1_287' title='bbox 916 3687 981 3726; x_wconf 90' lang='lat' dir='ltr'><strong>non</strong></span> <span class='ocrx_word' id='word_1_288' title='bbox 996 3689 1121 3748; x_wconf 85' lang='lat' dir='ltr'><strong>possum</strong></span> <span class='ocrx_word' id='word_1_289' title='bbox 1143 3673 1242 3734; x_wconf 85' lang='lat' dir='ltr'><strong>multa</strong></span> <span class='ocrx_word' id='word_1_290' title='bbox 1315 3731 1317 3738; x_wconf 81' lang='grc'>,</span> 
     </span>
    </p>
   </div>
   <div class='ocr_carea' id='block_1_14' title="bbox 106 3762 1245 4352">
    <p class='ocr_par' dir='ltr' id='par_1_14' title="bbox 106 3762 1245 4352">
     <span class='ocr_line' id='line_1_34' title="bbox 106 3762 1242 3848; baseline 0.002 -20"><span class='ocrx_word' id='word_1_291' title='bbox 106 3779 304 3830; x_wconf 75' lang='lat' dir='ltr'><strong>mentesanus</strong></span> <span class='ocrx_word' id='word_1_292' title='bbox 323 3769 403 3831; x_wconf 81' lang='lat' dir='ltr'><strong>scire</strong></span> <span class='ocrx_word' id='word_1_293' title='bbox 422 3769 598 3848; x_wconf 83' lang='lat' dir='ltr'><strong>allegando,</strong></span> <span class='ocrx_word' id='word_1_294' title='bbox 614 3780 709 3848; x_wconf 86' lang='lat' dir='ltr'><strong>prout</strong></span> <span class='ocrx_word' id='word_1_295' title='bbox 729 3770 850 3831; x_wconf 89' lang='lat' dir='ltr'><strong>faciunt</strong></span> <span class='ocrx_word' id='word_1_296' title='bbox 863 3762 996 3828; x_wconf 88' lang='lat' dir='ltr'><strong>Domini</strong></span> <span class='ocrx_word' id='word_1_297' title='bbox 1018 3769 1158 3830; x_wconf 81' lang='lat' dir='ltr'><strong>Iuristae&#39;.</strong></span> <span class='ocrx_word' id='word_1_298' title='bbox 1180 3771 1242 3831; x_wconf 85' lang='lat' dir='ltr'><strong>Sed</strong></span> 
     </span>
     <span class='ocr_line' id='line_1_35' title="bbox 106 3866 1242 3950; baseline 0.003 -22"><span class='ocrx_word' id='word_1_299' title='bbox 106 3868 163 3928; x_wconf 84' lang='lat' dir='ltr'><strong>alii</strong></span> <span class='ocrx_word' id='word_1_300' title='bbox 178 3870 310 3942; x_wconf 81' lang='lat' dir='ltr'><strong>volunt,</strong></span> <span class='ocrx_word' id='word_1_301' title='bbox 350 3869 433 3948; x_wconf 82' lang='lat' dir='ltr'><strong>quod</strong></span> <span class='ocrx_word' id='word_1_302' title='bbox 452 3869 509 3930; x_wconf 84' lang='lat' dir='ltr'><strong>illa</strong></span> <span class='ocrx_word' id='word_1_303' title='bbox 534 3867 641 3950; x_wconf 83' lang='lat' dir='ltr'><strong>opinio</strong></span> <span class='ocrx_word' id='word_1_304' title='bbox 659 3888 725 3930; x_wconf 91' lang='lat' dir='ltr'><strong>non</strong></span> <span class='ocrx_word' id='word_1_305' title='bbox 745 3877 845 3950; x_wconf 84' lang='lat' dir='ltr'><strong>potest</strong></span> <span class='ocrx_word' id='word_1_306' title='bbox 863 3866 1043 3946; x_wconf 77' lang='lat' dir='ltr'><strong>subsistere,</strong></span> <span class='ocrx_word' id='word_1_307' title='bbox 1077 3879 1109 3928; x_wconf 88' lang='lat' dir='ltr'><strong>et</strong></span> <span class='ocrx_word' id='word_1_308' title='bbox 1128 3869 1242 3932; x_wconf 80' lang='lat' dir='ltr'><strong>habent</strong></span> 
     </span>
     <span class='ocr_line' id='line_1_36' title="bbox 107 3967 1243 4048; baseline 0.001 -20"><span class='ocrx_word' id='word_1_309' title='bbox 107 3988 167 4048; x_wconf 77' lang='lat' dir='ltr'><strong>pro</strong></span> <span class='ocrx_word' id='word_1_310' title='bbox 187 3988 221 4028; x_wconf 87' lang='lat' dir='ltr'><strong>se</strong></span> <span class='ocrx_word' id='word_1_311' title='bbox 233 3967 381 4038; x_wconf 82' lang='lat' dir='ltr'><strong>Plautum</strong></span> <span class='ocrx_word' id='word_1_312' title='bbox 388 4011 398 4045; x_wconf 92' lang='lat'>,</span> <span class='ocrx_word' id='word_1_313' title='bbox 440 3968 495 4048; x_wconf 88' lang='lat' dir='ltr'><strong>qui</strong></span> <span class='ocrx_word' id='word_1_314' title='bbox 516 3967 592 4040; x_wconf 80' lang='lat' dir='ltr'><strong>dicit</strong></span> <span class='ocrx_word' id='word_1_315' title='bbox 610 3967 645 4028; x_wconf 88' lang='lat' dir='ltr'><strong>in</strong></span> <span class='ocrx_word' id='word_1_316' title='bbox 661 3989 717 4030; x_wconf 80' lang='lat' dir='ltr'><strong>sua</strong></span> <span class='ocrx_word' id='word_1_317' title='bbox 736 3967 877 4040; x_wconf 65' lang='lat' dir='ltr'><strong>Poenis,</strong></span> <span class='ocrx_word' id='word_1_318' title='bbox 920 3967 1003 4048; x_wconf 89' lang='lat' dir='ltr'><strong>quod</strong></span> <span class='ocrx_word' id='word_1_319' title='bbox 1023 3967 1106 4030; x_wconf 77' lang='lat' dir='ltr'><strong>secta</strong></span> <span class='ocrx_word' id='word_1_320' title='bbox 1127 3969 1243 4032; x_wconf 76' lang='lat' dir='ltr'><strong>infecta</strong></span> 
     </span>
     <span class='ocr_line' id='line_1_37' title="bbox 109 4065 1242 4149; baseline 0.002 -21"><span class='ocrx_word' id='word_1_321' title='bbox 109 4065 180 4128; x_wconf 85' lang='lat' dir='ltr'><strong>ficri</strong></span> <span class='ocrx_word' id='word_1_322' title='bbox 199 4067 368 4148; x_wconf 81' lang='lat' dir='ltr'><strong>nequeuni.</strong></span> <span class='ocrx_word' id='word_1_323' title='bbox 408 4068 458 4128; x_wconf 78' lang='lat' dir='ltr'><strong>Ex</strong></span> <span class='ocrx_word' id='word_1_324' title='bbox 478 4067 537 4128; x_wconf 86' lang='lat' dir='ltr'><strong>hoc</strong></span> <span class='ocrx_word' id='word_1_325' title='bbox 558 4067 640 4130; x_wconf 86' lang='lat' dir='ltr'><strong>dicto</strong></span> <span class='ocrx_word' id='word_1_326' title='bbox 662 4070 809 4148; x_wconf 84' lang='lat' dir='ltr'><strong>probant,</strong></span> <span class='ocrx_word' id='word_1_327' title='bbox 830 4071 857 4130; x_wconf 85' lang='lat' dir='ltr'><strong>si</strong></span> <span class='ocrx_word' id='word_1_328' title='bbox 877 4067 1011 4147; x_wconf 87' lang='lat' dir='ltr'><strong>aliquam</strong></span> <span class='ocrx_word' id='word_1_329' title='bbox 1032 4078 1150 4149; x_wconf 83' lang='lat' dir='ltr'><strong>partem</strong></span> <span class='ocrx_word' id='word_1_330' title='bbox 1171 4089 1242 4130; x_wconf 56' lang='lat' dir='ltr'><strong>cor*</strong></span> 
     </span>
     <span class='ocr_line' id='line_1_38' title="bbox 110 4157 1243 4248; baseline 0.002 -20"><span class='ocrx_word' id='word_1_331' title='bbox 110 4165 195 4247; x_wconf 87' lang='lat' dir='ltr'><strong>poris</strong></span> <span class='ocrx_word' id='word_1_332' title='bbox 214 4168 350 4234; x_wconf 78' lang='lat' dir='ltr'><strong>Iudaeus</strong></span> <span class='ocrx_word' id='word_1_333' title='bbox 374 4167 477 4227; x_wconf 83' lang='lat' dir='ltr'><strong>amisit</strong></span> <span class='ocrx_word' id='word_1_334' title='bbox 496 4167 531 4228; x_wconf 89' lang='lat' dir='ltr'><strong>in</strong></span> <span class='ocrx_word' id='word_1_335' title='bbox 552 4189 608 4228; x_wconf 84' lang='lat' dir='ltr'><strong>sna</strong></span> <span class='ocrx_word' id='word_1_336' title='bbox 626 4168 794 4245; x_wconf 86' lang='lat' dir='ltr'><strong>Judaitata,</strong></span> <span class='ocrx_word' id='word_1_337' title='bbox 829 4189 893 4232; x_wconf 86' lang='lat' dir='ltr'><strong>non</strong></span> <span class='ocrx_word' id='word_1_338' title='bbox 912 4179 1076 4248; x_wconf 85' lang='lat' dir='ltr'><strong>recuperat</strong></span> <span class='ocrx_word' id='word_1_339' title='bbox 1102 4157 1188 4230; x_wconf 77' lang='lat' dir='ltr'><strong>iliam</strong></span> <span class='ocrx_word' id='word_1_340' title='bbox 1203 4169 1243 4230; x_wconf 81' lang='lat' dir='ltr'><strong>in</strong></span> 
     </span>
     <span class='ocr_line' id='line_1_39' title="bbox 111 4266 1245 4352; baseline 0.004 -26"><span class='ocrx_word' id='word_1_341' title='bbox 111 4266 286 4336; x_wconf 84' lang='lat' dir='ltr'><strong>Christiani</strong></span> <span class='ocrx_word' id='word_1_342' title='bbox 306 4266 513 4348; x_wconf 80' lang='lat' dir='ltr'><strong>religiositate.</strong></span> <span class='ocrx_word' id='word_1_343' title='bbox 535 4323 538 4330; x_wconf 79' lang='grc'><strong><em>,</em></strong></span> <span class='ocrx_word' id='word_1_344' title='bbox 557 4268 599 4330; x_wconf 85' lang='lat' dir='ltr'><strong>Et</strong></span> <span class='ocrx_word' id='word_1_345' title='bbox 615 4287 686 4330; x_wconf 88' lang='lat' dir='ltr'><strong>cnm</strong></span> <span class='ocrx_word' id='word_1_346' title='bbox 703 4269 763 4336; x_wconf 84' lang='lat' dir='ltr'><strong>hoc</strong></span> <span class='ocrx_word' id='word_1_347' title='bbox 774 4278 917 4352; x_wconf 77' lang='lat' dir='ltr'><strong>arguunt,</strong></span> <span class='ocrx_word' id='word_1_348' title='bbox 937 4269 1020 4351; x_wconf 86' lang='lat' dir='ltr'><strong>quod</strong></span> <span class='ocrx_word' id='word_1_349' title='bbox 1038 4269 1175 4350; x_wconf 83' lang='lat' dir='ltr'><strong>ipserum</strong></span> <span class='ocrx_word' id='word_1_350' title='bbox 1193 4289 1245 4330; x_wconf 85' lang='lat' dir='ltr'><strong>ar·</strong></span> 
     </span>
    </p>
   </div>
   <div class='ocr_carea' id='block_1_15' title="bbox 1301 4123 1308 4152">
    <p class='ocr_par' dir='ltr' id='par_1_15' title="bbox 1301 4123 1308 4152">
     <span class='ocr_line' id='line_1_40' title="bbox 1301 4123 1308 4152; baseline 0 0"><span class='ocrx_word' id='word_1_351' title='bbox 1301 4123 1308 4152; x_wconf 74' lang='lat' dir='ltr'>b</span> 
     </span>
    </p>
   </div>
   <div class='ocr_carea' id='block_1_16' title="bbox 0 0 1452 4722">
    <p class='ocr_par' dir='ltr' id='par_1_16' title="bbox 0 0 1452 4722">
     <span class='ocr_line' id='line_1_41' title="bbox 0 0 1452 4722; baseline 0 0"><span class='ocrx_word' id='word_1_352' title='bbox 0 0 1452 4722; x_wconf 95' lang='lat' dir='ltr'><strong> </strong></span> 
     </span>
    </p>
   </div>
  </div>
 </body>
</html>
