2896 4716
413 345 681 411 osssoult.
727 347 952 410 VIROR.
1174 351 1241 416 *205

120 503 218 564 simus.
259 503 344 583 Ergo
364 494 498 578 vellens,
522 503 604 586 quod
624 502 854 566 considerabitis
873 503 952 564 bene
971 515 1042 565 ante
1062 503 1193 580 fectum,
1214 507 1243 566 si

16 663 17 688 ,
121 601 238 664 velletis
261 614 368 684 postea
386 623 517 685 negare,
554 603 637 682 quod
657 603 834 684 scripsistis,
869 613 944 664 ωηο
963 604 1119 666 Reuchlin
1141 615 1243 685 posset

122 721 302 782 cognoscere
322 713 459 764 restrum
480 703 609 782 stylum,
632 713 663 765 et
678 703 829 784 probare,
850 701 932 781 quod
951 723 1006 763 vos
1020 703 1241 783 composuistis,

122 811 151 858 et
169 799 214 860 sic
227 801 396 860 incurretis
414 797 605 886 scandaloso:
627 812 658 862 et
677 801 845 882 perdonate
866 799 961 876 mihi,
983 801 1066 883 quod
1085 803 1186 862 scribo
1201 821 1242 860 ex

123 917 231 960 amore.
271 901 391 962 valete.
403 899 518 962 Datum
531 901 707 982 Margburg.
790 920 795 927 ·

219 1063 352 1124 lodocus
371 1065 503 1143 Klings,
522 1065 772 1135 Baeculaurius,
792 1067 839 1124 M.
859 1063 993 1130 Ortuino
1015 1065 1136 1126 Gratis.

128 1211 134 1216 “
201 1198 397 1261 Venerabilis
418 1199 484 1274 vir,
520 1201 658 1280 quemvis
677 1221 746 1260 sum
767 1208 902 1258 remotus
922 1220 941 1258 a
961 1199 1049 1260 vobis
1071 1197 1242 1281 corporali-

114 1303 182 1372 ter,
203 1307 306 1358 temen
329 1297 447 1360 hebetis
466 1299 554 1372 scire,
575 1299 659 1379 ‘quod
678 1297 780 1379 quoad
800 1308 934 1358 mentem
954 1317 1075 1377 semper
1093 1319 1161 1359 sum
1182 1317 1241 1359 vo-

118 1396 164 1456 bis
182 1396 392 1477 propinquus,
436 1395 596 1476 cogitando
622 1399 660 1458 de
679 1397 839 1457 sodalitate
860 1405 979 1469 nosne,
1016 1417 1106 1476 quam
1128 1395 1250 1457 habui.

118 1494 242 1554 neusin
261 1495 412 1569 invicem,
446 1515 517 1555 cum
538 1495 677 1557 stetimus
697 1495 895 1556 Deventriee.
957 1493 1039 1572 Ergo
1065 1514 1168 1574 nuper
1186 1493 1242 1554 ille

117 1595 257 1669 Beauus,
283 1593 411 1654 veniens
431 1592 494 1653 hue
517 1606 548 1652 et
573 1605 699 1676 portans
721 1595 805 1655 mihi
822 1593 901 1654 illud
920 1605 1057 1655 vestrum
1077 1587 1241 1666 dictamen,

118 1691 218 1766 dixit,
262 1693 345 1772 quod
372 1690 494 1751 dixistis
521 1691 565 1753 ei:
609 1695 638 1754 O
656 1696 712 1754 ille
729 1695 859 1755 lodoeus
883 1708 941 1773 pro
961 1711 1045 1754 nunc
1068 1703 1113 1750 est
1128 1691 1166 1750 'in
1186 1710 1243 1771 pe-

119 1787 202 1864 tria,
230 1799 262 1848 et
280 1791 368 1851 habet
385 1793 483 1851 bonos
502 1790 566 1851 dies
597 1803 628 1853 et
646 1814 709 1853 non
730 1801 816 1852 curat
836 1811 894 1871 pro
916 1809 974 1850 tue.
1026 1791 1091 1870 Ego
1112 1809 1241 1868 respon-

118 1888 196 1962 deo,
218 1889 302 1969 quod
318 1890 400 1950 nihil
421 1903 484 1950 est:
505 1891 578 1971 quia
597 1912 659 1952 uon
680 1889 747 1951 suui
769 1891 955 1964 dotalibus,
990 1899 1021 1951 et
1040 1887 1140 1948 adhuc
1163 1889 1242 1948 bene

117 1987 196 2061 scio,
217 1989 369 2068 quomodo
384 2010 505 2071 semper
524 1991 712 2051 Deventriae
732 1987 893 2070 scripsistis
914 1989 952 2049 ad
971 1990 1137 2070 parietem:
1175 1989 1241 2066 Qui

115 2087 226 2168 procul
246 2096 291 2147 est
309 2087 427 2162 oculis,
467 2089 576 2170 procul
597 2099 642 2150 est
663 2089 803 2148 elimino
823 2086 932 2147 co'rdis.
984 2089 1032 2149 -Et
1050 2109 1110 2169 per
1127 2089 1240 2148 Deum!

115 2185 185 2246 lteri
207 2186 332 2265 quando
355 2185 472 2246 fuimus
493 2188 526 2246 in
547 2207 657 2260 coena,
681 2186 887 2246 ethebuimus
907 2185 945 2243 de
966 2186 1029 2244 illis
1051 2187 1184 2266 piscibus
1201 2188 1240 2246 de

114 2284 216 2366 petria
237 2305 317 2358 mes,
340 2284 394 2364 qui
416 2293 566 2346 vocantur
583 2289 694 2356 Amas,
717 2285 789 2363 quia
802 2295 890 2364 poter
909 2303 995 2348 meus
1014 2287 1157 2364 portavit,
1179 2285 1241 2346 uri-
1316 2273 1319 2280 ’

114 2383 151 2443 hi
169 2392 246 2444 ωηο
266 2383 370 2464 optavi
390 2402 461 2457 vos,
497 2396 528 2441 et
548 2383 630 2443 dixi:
672 2383 702 2442 O
725 2383 751 2441 si
772 2383 918 2463 Magister
938 2383 1091 2442 Ortuinus
1116 2381 1241 2443 deberet

115 2501 185 2541 esse
205 2501 365 2562 praesens,
402 2492 434 2542 et
460 2481 620 2542 comedere
642 2481 681 2541 de
706 2481 817 2540 talibus
837 2480 986 2561 piscibus,
1014 2490 1089 2541 tunc
1111 2481 1164 2541 oo'r
1184 2481 1241 2540 de-

113 2580 213 2640 beret
228 2578 308 2638 mihi
325 2580 437 2640 laetari.
477 2577 649 2660 Respondit
667 2571 755 2659 pater
774 2585 878 2639 ruens:
905 2579 973 2658 quis
994 2589 1038 2640 est
1057 2581 1111 2640 ille
1130 2579 1240 2640 Ortui-

113 2677 201 2738 usis?
222 2679 312 2738 Tunc
331 2678 397 2740 dixi
418 2679 462 2755 ei,
497 2678 580 2759 quod
603 2687 646 2740 cst
665 2679 763 2739 socius
783 2699 869 2766 meus
889 2679 1050 2757 antiquus,
1086 2690 1117 2740 et
1137 2679 1239 2740 fuistis

114 2789 238 2840 meeum
253 2777 456 2855 stentriae,
480 2788 511 2839 et
530 2777 651 2858 quando
670 2793 725 2856 ego
746 2777 795 2838 fui
814 2797 917 2838 seeum
938 2777 1037 2854 domi,
1059 2797 1114 2838 vos
1137 2777 1239 2838 fuistis

88 2947 93 2952 Ι
114 2875 296 2956 primariust
319 2887 350 2937 et
367 2887 471 2957 postea
490 2878 525 2938 in
537 2877 743 2938 Universitete
762 2877 942 2938 coloniensi
962 2877 1064 2940 fuistis
1084 2878 1239 2959 depositor

115 2995 219 3046 meus,
241 2974 364 3053 quando
381 2977 508 3056 deposui
528 2977 695 3051 Beanium,
721 2969 849 3056 qui‘v'os
868 2979 994 3038 veniens
1009 2997 1106 3039 unum
1122 2999 1238 3038 annum

115 3081 187 3131 aute
210 3093 260 3132 me
280 3073 320 3134 ad
336 3073 513 3151 Coloniam,
558 3083 588 3136 et
608 3085 713 3159 postea
731 3075 800 3135 steti
821 3077 979 3137 vobiscum
1001 3097 1098 3157 usque
1118 3078 1157 3140 ad
1169 3099 1239 3156 gru-

115 3171 190 3230 dum
209 3172 481 3235 Baeculenreatus:
514 3187 587 3238 ωηο
605 3195 661 3236 vos
681 3174 837 3257 accepistis
848 3177 1075 3258 Magisterium:
1097 3176 1150 3235 sed
1172 3193 1236 3253 ego,

114 3281 274 3352 promotus
295 3271 329 3332 in
343 3273 591 3350 Becculanrium‚
629 3275 668 3335 de
687 3275 783 3354 gratia
803 3273 864 3334 Dei
884 3277 994 3336 recessi
1015 3273 1054 3334 ad
1075 3273 1237 3332 Universi-

114 3379 208 3430 tatem
220 3371 535 3454 Witteubergensem:
577 3385 651 3436 tunc
669 3375 718 3434 fui
739 3373 908 3454 seholirego
926 3373 1000 3432 bino
1021 3370 1114 3444 inde,
1143 3371 1238 3430 etsie

113 3487 179 3528 uon
200 3467 268 3530 vidi
285 3483 357 3544 vos,
380 3482 410 3532 et
430 3471 497 3530 dixi
518 3473 547 3531 ei
567 3475 663 3533 multa
684 3474 722 3533 de
742 3473 837 3533 vobis.
878 3475 918 3532 Et
938 3469 1004 3533 dixi
1017 3471 1061 3546 ei,
1081 3470 1236 3550 quomodo

113 3569 210 3628 semel
229 3567 293 3628 feei
314 3588 369 3629 vos
396 3560 515 3645 ridere,
557 3571 678 3652 quando
709 3571 838 3650 allegavi
866 3572 955 3646 vobis¹
978 3569 1058 3630 illud
1086 3579 1234 3630 metrum:

112 3668 199 3728 Veni
218 3668 372 3748 Spandew
392 3689 517 3750 aggere,
539 3680 614 3731 ωηο
634 3672 904 3752 inspexeruntme
927 3671 1020 3730 Anae
1042 3676 1073 3727 et
1091 3667 1157 3726 dixi
1177 3688 1235 3728 vo-

112 3765 179 3840 bis,
202 3763 357 3848 quomodo
377 3769 473 3830 Beani
493 3761 528 3829 iu
543 3770 696 3851 Sponden
716 3777 953 3850 composuerunt
971 3768 1033 3828 tele
1048 3775 1180 3832 metrum
1197 3767 1236 3828 ds
1267 3799 1277 3816 ·

114 3866 271 3944 teutonico
290 3867 325 3926 in
345 3867 494 3943 latinum,
516 3869 589 3949 quia
607 3869 798 3932 teutonicum
820 3867 864 3932 eie
884 3877 985 3930 sonet:

195 3966 252 4027 sce
271 3966 342 4026 tans
357 3985 421 4047 gen
439 3968 599 4050 Spondere
624 3989 684 4049 opp
706 3971 764 4033 deu
783 3969 908 4038 Damm,

151 4065 272 4129 ‚Dor
289 4087 379 4145 segete
400 4068 480 4130 mich
498 4067 549 4126 die
568 4069 719 4132 Plotzken
739 4087 790 4128 an.

109 4161 153 4222 Et
179 4181 238 4276 pro
265 4173 340 4226 ωηο
366 4165 486 4228 dixistis
513 4165 608 4239 mihi,
644 4167 727 4248 quod
746 4168 835 4248 prius
859 4165 1045 4244 nescivistis,
1078 4163 1160 4248 quod
1178 4113 1235 4225 illo
1283 4199 1287 4206 »

109 4261 215 4340 piscis,
236 4263 354 4327 scilicet
373 4261 542 4337 Plotzkln,
566 4263 662 4334 latine
675 4277 809 4328 vocetur
826 4267 940 4329 Amne:
974 4277 1004 4329 e't
1024 4267 1153 4348 ellegavi
1173 4267 1235 4329 tulo
