2896 4716
12 4140 29 4179 u

12 4237 29 4284 tn

1006 95 1011 128 1

370 273 692 346 *osseus
734 247 1015 348 vtuou.¹
1167 267 1244 352 'sse

119 439 199 500 fictu:
241 435 305 500 Sed
324 439 452 519 possetis
472 427 596 514 dicere,
611 404 698 519 'quod
718 438 801 535 fingo
818 401 906 500 illuns
928 432 1142 520 dilectionem
1170 443 1244 526 quis

118 557 182 596 non
198 535 342 609 creditis,
363 537 446 617 qnod
466 549 509 600 est
528 538 572 598 ita
593 537 752 612 cordialis,
772 537 816 602 ita
835 557 900 606 uon
919 539 992 600 volo
1012 533 1145 602 multum
1166 543 1243 603 ecri-

118 636 189 695 bere
220 638 262 696 de
284 635 350 694 ills.
413 637 504 696 Unde
526 655 661 696 versus:¹
690 636 795 710 „Laus
820 636 948 717 propria
973 639 1075 700 sordet
1103 641 1138 700 ln
1159 644 1243 702 ore.“
1333 723 1335 728 Ι

57 795 63 807 ,
119 734 309 794 Teutonice·:
349 735 453 812 Eigen
467 734 532 794 Lod
546 734 745 812 stindtgem.
792 734 853 810 Sed
875 735 910 794 in
929 733 1052 815 signnm
1071 738 1243 800 dilectionis

120 833 206 891 mitto
226 831 316 892 vobis
337 831 389 892 hic
408 832 470 890 duo
492 851 636 905 munere,
665 832 781 892 seilicet
800 853 897 903 unum
918 835 1008 892 Pater
1029 833 1158 911 Noctes,
1193 839 1242 898 fu-

120 940 199 990 ctum
221 931 261 989 de
283 951 382 991 cornu
400 929 492 1003 Belli,
513 940 543 996 et
562 929 660 1010 tetigit
679 929 877 1010 sepulchrum
899 933 1090 1011 Sanctorum,
1113 936 1197 997 Petri
1213 946 1243 998 et

119 1029 225 1101 Pauli,
249 1038 282 1088 et
300 1031 413 1090 multus
431 1029 506 1088 alias
526 1029 671 1110 reliquias
689 1028 817 1088 Romae.
858 1030 899 1090 Et
919 1050 990 1090 cum
1009 1030 1069 1090 ltoe
1089 1031 1161 1107 feci,
1181 1044 1242 1095 tres

117 1127 223 1186 misses
243 1128 386 1208 superius
404 1128 475 1207 legi.
516 1128 556 1186 Et
569 1127 690 1204 dicunt,
720 1127 804 1207 qnod
824 1127 907 1188 valet
926 1137 1033 1188 contus
1052 1130 1187 1191 latrones
1213 1145 1243 1192 et

12 1233 13 1238 ’
117 1247 223 1286 omnes
242 1225 499 1286 interfectorium
519 1221 691 1306 nequitis&
706 1225 834 1306 ¹qumdo
855 1226 965 1308 uliquis
989 1238 1056 1290 oret
1076 1229 1242 1292 Rossrium

115 1325 148 1385 in
168 1345 216 1383 eo.
280 1324 421 1386 Secundo
442 1324 537 1385 mitto
565 1324 654 1386 vebis
680 1344 777 1396 unctu
800 1345 886 1400 rem,
925 1335 1072 1406 quaeest
1092 1315 1185 1407 ligatu
1205 1329 1241 1390 in
1287 1341 1293 1354 '
1334 1371 1343 1382 ι

113 1423 300 1505 panniculo,
321 1432 350 1483 st
370 1422 462 1482 lsabct
481 1422 612 1484 virtutes
634 1432 740 1483 contus
759 1410 930 1502 serpentes,
960 1424 1034 1504 quis
1054 1424 1120 1486 vidi
1143 1445 1239 1508 expe-

113 1524 293 1594 rimentum,
316 1529 346 1580 et
360 1505 606 1602 quandocunque
627 1524 729 1602 (Dens
748 1522 897 1583 custodiat
906 1520 927 1604 l)
948 1523 1070 1587 mordet
1088 1543 1144 1586 vos
1160 1546 1241 1588 nnus

113 1641 258 1701 serpeus,
276 1631 351 1694 tnnc
369 1639 434 1679 non
457 1631 548 1680 nocet
566 1621 669 1698 vobisc
691 1639 747 1700 ego
766 1621 838 1682 dedi
860 1640 958 1680 unum
971 1621 1134 1682 Coclinutn
1153 1645 1237 1704 pree.

112 1721 192 1781 Fuit
211 1719 264 1779 hic
282 1739 360 1778 unus
377 1719 412 1778 in
433 1719 552 1800 Campo
569 1719 663 1793 flore,
700 1719 755 1796 qni
773 1719 849 1778 fucit
874 1717 1030 1780 mirabitis
1057 1739 1114 1782 ves
1142 1723 1240 1786 virtu-

111 1829 179 1894 tem
198 1818 294 1880 sancti
314 1817 416 1891 Pauli,
444 1828 476 1878 et
504 1817 612 1878 hebuit
631 1818 764 1879 multum
792 1818 831 1878 de
849 1819 1042 1898 serpentibus
1059 1821 1240 1882 terribiliter

112 1913 274 1990 formatis,
294 1917 338 1976 itu
360 1899 444 1998 quod
464 1928 509 1978 est
530 1918 673 1978 mirabile
693 1917 732 1978 ad
753 1915 929 1978 videndum.
970 1918 1040 1998 Ipse
1059 1920 1157 1998 tangit
1177 1941 1238 1995 eos,

111 2027 143 2076 et
161 2037 225 2076 non
245 2027 337 2074 nocet
358 2017 404 2076 ei:
445 2017 498 2076 scd
519 2017 645 2097 quando
663 2015 784 2080 mordet
803 2035 901 2076 unum
925 2015 1038 2090 alium,
1074 2024 1150 2078 tunc
1171 2021 1238 2100 ipse
1334 2035 1338 2044 ’

109 2117 221 2200 liberat
242 2135 314 2174 eum
335 2135 394 2195 pes·
412 2115 504 2175 telem
524 2117 689 2189 virtutem,
728 2114 807 2174 dans.
824 2113 946 2174 homini
970 2115 1057 2174 illem
1075 2119 1236 2190 mptesism

108 2215 156 2273 sic
173 2215 317 2296 ligatum,
346 2225 377 2275 et
395 2215 511 2289 dicunt,
525 2216 615 2295 ⁴quod
635 2224 683 2275 est
699 2213 738 2274 de
759 2213 815 2270 illa
833 2210 1000 2292 progenie,
1038 2214 1090 2272 cui
1116 2227 1236 2277 sanctus

108 2314 224 2372 Paulus
245 2313 391 2372 concessit
411 2314 504 2374 talem
525 2313 681 2376 virtutem.
724 2311 822 2388 Quis,
836 2309 958 2390 quaudo
977 2319 1098 2372 sanctus
1117 2315 1232 2376 Paulus

106 2412 283 2472 ambulavit
310 2412 345 2472 in
371 2413 477 2488 terris,
514 2423 593 2473 tune
616 2411 712 2472 semel
738 2410 799 2469 snit
818 2407 988 2490 hospitatus
1008 2410 1129 2472 ebuso
1149 2412 1230 2484 vire,

104 2511 167 2590 qui
187 2511 331 2572 tractavit
349 2531 417 2571 enm
437 2532 508 2572 eum
528 2531 647 2574 summu
667 2509 855 2582 reverentia,
883 2517 913 2570 et
932 2507 1054 2574 faciens
1071 2510 1101 2570 ei
1119 2511 1232 2575 bonam

105 2609 320 2690 campaniam,
338 2610 513 2690 praebendo
533 2605 694 2670 comedere
713 2618 744 2668 et
762 2608 883 2678 bibere,
907 2617 953 2668 ‘et
981 2607 1062 2682 bons
1081 2609 1232 2672 lectister-
1283 2597 1284 2600 Ἴ

104 2710 176 2782 nia,
197 2708 288 2768 etde
300 2723 388 2767 mane
410 2707 561 2788 qnaesivit
581 2729 674 2768 cums
704 2708 733 2776 Ο
755 2708 834 2768 bone
854 2705 1007 2784 Domine,
1035 2726 1099 2767 non
1118 2707 1232 2770 babea-

104 2807 145 2866 tis
164 2806 245 2868 mihi
264 2826 323 2887 pro
345 2808 441 2867 malo:
464 2827 518 2888 ege
538 2808 650 2881 video,
670 2805 755 2886 quod
774 2805 844 2868 estis
864 2825 945 2866 unus
967 2825 1094 2887 magnus
1114 2808 1180 2883 vin,
1200 2821 1232 2874 et

104 2891 223 2965 bebetis
243 2905 405 2986 specialem
425 2907 553 2985 gratiam
569 2928 588 2966 n
603 2909 688 2979 Deo,
709 2917 745 2968 et.
760 2925 825 2966 nou
846 2903 964 2980 dubito,
984 2906 1067 2986 quod
1081 2908 1152 2970 estis
1159 2927 1230 2970 stn-

104 3014 170 3062 ctus
179 3046 188 3077 ,
208 3005 281 3083 quia
299 3004 370 3062 heri
382 3004 515 3066 vidivos
528 3005 630 3068 faeere
642 3005 805 3066 miraculo:
824 3023 917 3085 rogo,
931 3003 1038 3078 dicatis
1050 3006 1139 3082 mibi,
1160 3009 1229 3090 quis
1319 2987 1328 3002 ⁸

104 3101 205 3162 estis?
245 3103 470 3210 Respondit‘i
491 3104 754 3168 sanctusl'sulns:
790 3103 856 3183 Ego
877 3123 946 3164 sum
968 3104 1103 3180 Paulus,
1132 3105 1247 3167 Chri-‘

75 3255 79 3271 ,
103 3202 141 3260 sti
160 3203 339 3280 Apostolus:
371 3215 445 3263 tunc
471 3202 527 3263 ille
546 3203 598 3264 vir
624 3202 735 3263 cecidit
757 3202 792 3262 in
811 3221 913 3282 genus
930 3223 1003 3276 sus,
1034 3197 1155 3262 diceus:¹
1190 3205 1227 3264 0

102 3310 205 3358 sancte
224 3301 322 3360 Paule
329 3343 338 3374 ,
359 3303 492 3382 parcetis
505 3301 594 3375 mihi,
616 3301 835 3383 qnis·nescivi,
855 3299 1023 3379 quisests's:
1044 3310 1074 3363 et
1087 3321 1161 3381 ergo
1174 3323 1228 3362 ro-

101 3417 156 3475 go,
178 3397 281 3461 velitis
300 3401 404 3482 Deum
426 3422 515 3464 orere
535 3423 593 3484 pro
614 3401 745 3482 peccatis
764 3398 856 3472 nseis,
878 3409 910 3456 et
929 3395 1031 3459 velitis
1051 3397 1131 3458 mihi
1151 3385 1226 3460 dare

102 3516 160 3576 pro
179 3496 387 3560 valedictione
406 3520 500 3560 unam
521 3501 685 3582 specialem
704 3499 832 3578 gratiam
852 3505 978 3587 propter
999 3497 1111 3556 Deum.
1164 3499 1226 3584 Di7

101 3593 149 3652 xit
168 3594 198 3652 ei
221 3606 342 3656 sanetus
362 3598 493 3660 Paulus:
527 3600 619 3660 Fides
638 3610 691 3660 tua
712 3600 831 3659 sslvnm
852 3607 883 3656 te
902 3595 996 3669 fecit,
1034 3603 1065 3654 et
1091 3594 1177 3656 dedit
1194 3597 1224 3655 si

101 3693 193 3751 talem
224 3693 370 3774 gretiam,
405 3710 437 3758 et
465 3698 607 3760 omnibus
633 3697 855 3760 successoribus
879 3693 960 3768 suis,
994 3691 1078 3773 qnod
1096 3704 1234 3774 possunt-

100 3811 208 3850 sansrs
231 3792 389 3870 homiues,
412 3797 467 3876 qui
485 3809 557 3860 sunt
570 3787 770 3860 veneficatis
787 3793 988 3876 serpentibus·
1025 3791 1067 3851 Et
1085 3791 1143 3854 iste
1162 3794 1222 3867 vir,

100 3889 153 3967 qui
174 3889 262 3952 dedit
282 3893 361 3952 mihi
380 3895 454 3970 hoe,
470 3908 530 3958 'est
550 3898 590 3958 de
609 3899 664 3964 tali
684 3895 848 3979 progenie,
878 3891 959 3952 sicut
973 3890 1129 3951 multoties
1150 3911 1223 3972 pro-

98 3986 184 4048 bavi:
207 4009 282 4070 ergo
302 3993 457 4073 accipistis
473 4009 536 4076 'pro
555 3999 654 4073 bono,
674 4006 705 4058 et
715 3994 838 4058 scribito
850 3990 928 4052 milui
941 3989 1065 4050 novalis
1077 3989 1116 4050 de
1129 4011 1222 4070 gueti-

97 4083 157 4150 ris:
179 4098 212 4149 et
231 4090 361 4152 mittetis
382 4113 433 4156 nse
452 4095 548 4171 scire,
570 4119 612 4169 sn
630 4098 685 4157 ille
698 4095 811 4158 insiste
827 4095 957 4153 ioannes
968 4087 1124 4152 Reuchlin
1137 4109 1221 4150 com·

99 4187 204 4264 posuit
232 4189 336 4252 adbuc
361 4192 424 4253 alis
450 4205 556 4258 contra
582 4217 654 4276 vos3
670 4194 756 4280 'quis
782 4191 927 4276 possibile
954 4199 1016 4264 stt«,
1046 4187 1132 4276 quod
1147 4183 1247 4252 tecte
