2846 4716
373 851 538 928 etts
592 843 1208 928 cunls't'lnttts.

226 1059 389 1170 Convenit
421 1105 521 1164 nuno,
556 1083 651 1152 lector
678 1087 817 1164 candide,
847 1107 907 1168 quo
935 1086 976 1147 iis
1005 1086 1125 1148 obviam
1153 1107 1270 1162 eamus,
1295 1084 1337 1166 qui

226 1181 362 1277 nimntiu
382 1189 549 1272 opprimere
570 1187 775 1274 evangelicam
802 1189 979 1263 veritatem,
1008 1199 1042 1246 ut
1062 1187 1270 1263 Antichristis,
1296 1189 1336 1246 ni-

225 1285 272 1376 hil
295 1287 416 1348 interim
445 1287 603 1370 probantes
633 1311 672 1351 ex
693 1290 790 1370 solida
810 1291 985 1370 sinceraque
1008 1287 1178 1378 scriptura,
1203 1287 1338 1354 omniavi

226 1411 260 1474 ap
280 1389 346 1450 sine
367 1387 430 1450 ulla
451 1391 604 1452 autoritate
626 1404 686 1452 tam
706 1390 833 1468 stolide,
854 1405 888 1451 ut
906 1388 986 1450 nihil
1008 1387 1144 1464 stultius,
1166 1402 1227 1448 tam
1244 1389 1337 1450 incon·

224 1489 369 1582 siderate,
398 1504 432 1554 ut
454 1488 531 1552 nihil
551 1491 788 1588 imprudentius,
815 1506 876 1552 tam
904 1511 1017 1568 crasse,
1048 1503 1082 1552 ut
1101 1487 1183 1549 nihil
1203 1487 1335 1564 incultius,
1401 1573 1402 1578 ἵ

226 1606 391 1682 asserentes
418 1614 453 1654 ιο
481 1593 670 1656 affirmantes.
720 1594 780 1656 His
809 1594 901 1680 igitur
929 1593 1054 1672 inquam
1075 1590 1285 1652 accersendum
1303 1603 1337 1651 est

225 1691 482 1772 Antilutheranis,
520 1715 579 1774 quo
613 1695 736 1756 tandem
771 1695 905 1777 oppressi
930 1693 1054 1772 sileant,
1089 1715 1123 1754 ιο
1151 1691 1246 1776 magis
1276 1691 1338 1752 muti

227 1815 318 1874 quam
346 1797 445 1878 pisces
475 1793 658 1858 delitescant.
700 1798 780 1858 Nam
814 1793 891 1856 nihil
911 1780 994 1855 aliud
1023 1797 1059 1854 ab
1088 1794 1136 1854 his
1166 1815 1253 1875 quam
1272 1816 1339 1853 mera

226 1896 370 1974 convitia,
393 1895 471 1956 dicta
489 1895 635 1978 improba,
658 1896 735 1958 facta
768 1895 857 1958 stulta
878 1897 1025 1958 audimus.
1067 1895 1116 1954 Ex
1137 1896 1246 1975 quibus
1265 1917 1339 1976 prae·

229 1995 335 2077 cipuus
357 2009 402 2058 est
423 1997 559 2058 omnium
578 1998 641 2058 Leo
663 1997 717 2058 ille
737 1999 877 2082 rugiens,
907 1998 960 2078 qui
982 1995 1072 2056 minis
1093 1995 1276 2076 fulmineque
1294 2017 1338 2056 suo
1402 2029 1403 2038 κ

228 2115 285 2157 nos
307 2096 456 2158 deterrere
475 2095 560 2173 vult,
581 2112 776 2179 posteaquam
798 2119 838 2156 ne
857 2090 902 2175 μὺ
923 2095 1046 2178 quidem
1068 2110 1170 2177 potest
1185 2095 1338 2180 evangelica

229 2216 264 2258 ιο
298 2195 429 2280 simplici
463 2199 608 2278 scriptura
653 2199 768 2260 afferre.
817 2199 852 2260 ln
886 2197 969 2256 hunc
997 2196 1089 2278 igitur
1122 2201 1273 2259 Latronem
1296 2219 1338 2258 seu

230 2299 363 2360 Leonem
383 2297 500 2382 spicula
520 2299 617 2360 acuite
636 2312 745 2376 vestra,
766 2317 870 2362 omnes
891 2297 974 2359 docti
996 2317 1030 2356 ec
1049 2317 1138 2358 sanae
1161 2301 1265 2359 mentis
1283 2297 1338 2373 riri,

139 2429 148 2446 ν
230 2418 292 2478 quo
318 2399 401 2462 victo
432 2422 467 2460 ιο
493 2411 657 2482 prostrato,
686 2422 723 2461 eo
751 2398 869 2460 facilius
892 2397 1040 2458 furiosum
1065 2397 1147 2458 huuc
1171 2411 1201 2460 et
1220 2399 1339 2460 insanum

231 2498 461 2582 Theologistam
480 2503 621 2561 Mamor
642 2500 707 2581 (qui
728 2501 825 2582 aptior
846 2513 892 2560 est
910 2496 1054 2581 puellulis
1076 2497 1338 2580 colludere,-quan

186 2675 189 2680 Ι
231 2599 375 2680 scriptiua
405 2621 487 2662 sacra
515 2601 676 2681 quicquam
708 2599 885 2684 approbare)
917 2619 1059 2679 queamus
1085 2614 1282 2682 prosternere,
1311 2622 1339 2658 ac

230 2699 336 2760 sedare
357 2721 426 2760 cum
447 2702 510 2763 suis
531 2701 719 2781 sequacibus.
763 2698 899 2762 Clamant
916 2701 1017 2778 itaque
1040 2721 1073 2760 ιο
1095 2701 1245 2777 scribunt,
1265 2723 1338 2782 pree·

233 2797 335 2860 dicant
356 2799 438 2862 docti
458 2801 521 2862 fere
543 2823 664 2878 omnes,
687 2801 842 2862 hortantur
863 2822 937 2877 nos,
967 2814 1001 2861 ut
1023 2799 1144 2861 tandem
1168 2801 1338 2866 consulamus

231 2900 322 2962 nobis
342 2902 417 2984 ipsis
437 2903 498 2962 viri
521 2895 686 2973 Germani}
714 2902 857 2961 nimirum
882 2901 941 2962 hoc
970 2902 1105 2982 ipsorum
1135 2915 1213 2978 erat,
1237 2901 1271 2961 ad
1293 2922 1337 2961 vos

232 3013 362 3080 spectat,
393 2987 423 3061 at
449 2999 619 3083 periculum
639 3002 754 3064 faciatis
776 3001 938 3083 aliquando
960 3001 994 3061 in
1014 3001 1062 3062 his
1083 3006 1268 3073 Memoris,
1286 3006 1338 3062 Ee·

232 3102 295 3161 ciis
302 3142 312 3174 ,
331 3102 554 3180 flevissemus,
577 3115 606 3162 et
627 3100 694 3164 eliis
715 3103 764 3165 his
787 3102 927 3164 monstris
948 3100 1113 3178 similibus,
1135 3105 1189 3183 qui
1208 3104 1337 3164 internos

232 3196 286 3261 hic
306 3200 458 3280 habitant,
488 3203 532 3264 sic
559 3203 681 3265 tandem
704 3204 929 3286 respondebunt
949 3202 1025 3262 facta
1045 3201 1144 3265 vestra
1164 3225 1263 3264 eorum
1280 3222 1339 3262 rer-

234 3295 284 3362 bis
304 3313 354 3363 aut
375 3303 508 3386 scriptis,
529 3324 569 3365 ne
589 3305 696 3367 frustra
713 3305 853 3366 videatur
872 3303 987 3366 tamdiu
1007 3304 1169 3386 rogitasse,
1193 3305 1337 3376 invocasse,

121 3473 126 3485 Ι
233 3400 418 3470 desiderasse
454 3405 628 3476 Germanos
644 3409 808 3468 Huttenur
837 3403 1060 3481 nobilissimus,
1097 3426 1131 3466 ac
1161 3403 1337 3468 consumatis-

234 3503 329 3566 simus
353 3505 530 3590 Theologus
551 3509 720 3581 Martinus
739 3506 916 3581 Lutherus,
936 3526 991 3588 pto
1014 3525 1074 3585 quo
1095 3508 1247 3576 Lathon,
1264 3505 1337 3566 nobis

234 3601 362 3670 coelitus
382 3608 490 3686 misso,
513 3608 639 3691 gratiam
657 3605 821 3668 habeamus
843 3607 989 3669 servatori
1009 3620 1111 3670 nostro
1132 3611 1206 3671 Iesu
1227 3607 1336 3670 enno

516 3725 627 3790 Onnes
647 3725 683 3786 te
702 3724 826 3788 Christo
846 3745 917 3786 cum
936 3724 1084 3786 Lachere.

588 3957 948 4030 artatis,
