2866 4724
309 247 317 278 Ι

204 319 270 385 278
496 363 499 368 -
567 317 973 384 EPISTOLAE

207 447 325 554 spiam
351 481 423 536 cem
448 473 611 538 duodecim
637 475 747 558 sigim
773 475 817 540 aa
839 475 982 540 omuibus
1012 475 1241 539 sustinemus.
1303 479 1349 540 m

207 573 414 638 sanctissimus
434 586 539 637 noster
558 575 634 637 fecit
655 597 745 637 suum
766 577 903 658 sigillum
923 577 1015 638 etiam
1028 587 1108 650 aute,
1131 577 1170 658 ad
1191 575 1349 656 majorem

208 673 369 738 cautelam.
409 669 501 736 Tunc
522 695 594 736 cum
614 675 733 736 laetitia
756 678 858 753 exivi,
887 689 918 737 et
937 677 1026 738 volui
1047 677 1269 758 possessionem
1292 696 1350 736 ae-

210 774 330 854 cipere;
351 782 426 833 tunc
446 775 502 834 ille
520 775 608 856 prior
626 773 780 836 Plebauus
800 796 864 837 uon
885 789 930 836 est
952 786 1108 848 mortuus,
1131 785 1206 836 tunc
1229 794 1288 854 ego
1310 775 1348 834 in

209 891 321 950 magna
342 871 390 931 ira
409 872 489 934 dixi:
516 872 690 955 percutiant
710 875 797 934 mille
823 875 938 935 diaboli
956 876 995 935 ud
1015 875 1092 948 hoc,
1108 885 1109 890 ’
1128 874 1225 934 debeo
1245 895 1348 955 pecu-

210 973 295 1033 niam
316 990 416 1032 meam
435 973 480 1032 sic
499 973 650 1054 perdere'l
691 975 792 1034 Etiam
812 975 874 1035 fuit
892 994 1024 1055 parvum
1043 972 1244 1051 beneficium
1269 974 1345 1033 siin

211 1072 307 1148 Curia
328 1072 498 1146 scivissem,
541 1094 597 1153 ego
629 1093 692 1132 non
715 1073 878 1133 exivissem
901 1085 1075 1154 propterea.
1137 1073 1201 1153 Ego
1222 1074 1346 1153 putavi,

211 1171 295 1252 quod
321 1181 423 1252 posset
450 1181 574 1252 portare
600 1172 635 1231 iu
665 1172 806 1232 omnilius
833 1173 922 1232 annis
946 1172 1060 1254 viginti
1079 1171 1213 1232 florenos
1235 1171 1271 1232 in
1292 1191 1348 1232 re-

211 1280 342 1331 servato.
374 1272 448 1331 ·Vos
468 1271 560 1330 etiam
581 1271 660 1332 bene
679 1271 778 1344 scitis,
799 1271 881 1352 quod
903 1291 958 1350 ego
979 1292 1043 1331 non
1064 1290 1173 1330 maneo
1193 1290 1346 1352 persona-

210 1369 284 1430 liter
303 1370 338 1429 in
359 1370 423 1429 illis
443 1370 590 1450 partibus.
631 1371 696 1450 Ego
717 1372 830 1431 vellem
842 1371 999 1436 ,libentius
1019 1371 1134 1431 habere
1154 1370 1344 1429 beneficium

211 1467 246 1528 in
266 1469 437 1529 Deventria
458 1490 555 1549 prope
577 1473 708 1549 patriam
730 1481 866 1530 nostram
897 1491 967 1530 cum
994 1481 1118 1530 centum
1141 1469 1286 1542 lloreuis,
1313 1478 1344 1528 et

212 1589 283 1628 cum
319 1589 382 1628 uua
411 1569 545 1649 simplici
572 1571 677 1650 puella
706 1568 868 1630 duodecim
897 1589 1068 1642 annorum,
1117 1587 1207 1647 quam
1238 1567 1274 1626 in
1303 1566 1345 1625 il·

211 1667 243 1727 la
284 1668 445 1748 superiore
488 1678 576 1750 parte
607 1688 706 1728 unum
746 1689 817 1728 cusu
860 1667 988 1749 triginta
1028 1668 1174 1740 florenis,
1205 1679 1250 1736 ¹et
1272 1685 1344 1725 cum

212 1765 325 1827 callida
350 1777 490 1827 matrona
516 1767 673 1848 sexaginta
701 1787 863 1827 annorum.
932 1765 994 1830 Sed
1019 1766 1076 1826 illa
1102 1753 1260 1828 reservata
1289 1765 1344 1824 be·

211 1885 253 1926 ne
295 1866 433 1927 facerent
479 1866 545 1926 uni.
625 1868 767 1926 Secundo
803 1865 921 1940 sciatis,
969 1867 1014 1925 M.
1053 1865 1202 1940 Ortuine,
1259 1864 1344 1945 quod

212 1965 325 2024 deinde
344 1985 409 2025 non
429 1965 518 2046 potui
538 1965 582 2026 ita
603 1967 704 2026 statim
725 1965 836 2026 venire
862 1965 901 2023 ad
922 1963 1066 2040 Curiam,
1106 1975 1236 2047 propter
1261 1965 1342 2026 belle

212 2065 248 2124 in
267 2065 372 2140 Italia;
402 2065 474 2143 quia
496 2075 626 2124 currunt
645 2064 720 2124 hine
740 2065 813 2123 inde
834 2064 912 2124 nudi
924 2063 1070 2138 Ribaldi,
1099 2075 1129 2124 et
1148 2066 1175 2124 si
1190 2085 1271 2125 unus
1293 2083 1343 2122 ar-

211 2164 330 2243 riperet
346 2163 426 2223 mihi
448 2165 646 2237 vestimenta,
682 2174 757 2224 tuuc
782 2161 983 2244 perdidissem
1007 2174 1219 2244 paupertatem
1242 2182 1342 2222 meam
1427 2199 1428 2218 t

212 2264 365 2336 totaliter,
402 2262 479 2322 sicut
499 2263 580 2324 dixit
599 2243 694 2323 semel
714 2283 777 2322 una
799 2263 920 2336 vetula,
950 2263 1189 2344 quandofregit
1209 2283 1270 2322 ova
1290 2284 1342 2324 su-
1427 2247 1428 2322 i

211 2382 270 2444 per
292 2371 419 2442 pontem
439 2367 473 2424 in
494 2365 665 2443 Helpruna.
706 2363 747 2422 Et
766 2362 810 2420 sic
830 2363 985 2442 permansi
1006 2362 1125 2423 duobus
1141 2363 1295 2424 mensibus
1309 2365 1342 2423 iu

211 2460 296 2521 valle
315 2459 530 2540 Wimpinam,
567 2464 659 2523 etiam
681 2482 751 2521 cum
773 2462 955 2540 quibusdam
975 2462 1066 2521 bonis
1085 2461 1277 2538 cortisanis,
1313 2471 1342 2524 et

211 2558 258 2618 ibi
279 2558 375 2618 didici
394 2582 492 2621 unum
507 2562 617 2622 ludum
639 2563 790 2623 aJosnue
811 2560 997 2640 Greyferio,
1041 2562 1096 2641 qui
1120 2572 1165 2625 est
1189 2562 1282 2622 valde
1301 2563 1342 2622 li-

152 2679 154 2683 ·
212 2658 343 2733 besalis,
364 2660 437 2739 quia
456 2661 541 2721 dedit
560 2663 655 2721 semel
675 2682 730 2720 sex
755 2660 863 2734 sociis,
883 2680 1018 2741 quorum
1038 2681 1094 2740 ego
1108 2661 1156 2721 fui
1176 2682 1275 2735 unus,
1304 2659 1341 2721 ad

213 2756 436 2816 comedendum
449 2770 565 2840 septem
587 2781 647 2821 ova
668 2769 699 2820 et
719 2781 783 2820 non
804 2760 915 2820 minus.
976 2757 1020 2820 Et
1040 2760 1096 2819 ille
1116 2759 1208 2820 ludus
1230 2760 1342 2820 dicitur
1426 2823 1427 2846 1

212 2853 368 2935 inlingua
384 2857 489 2918 Italica
516 2861 616 2920 Trent
635 2881 707 2920 uno.
770 2861 839 2918 Hoc
866 2879 921 2940 ego
948 2879 1108 2941 nunquam
1125 2859 1203 2944 ‹Vidl
1224 2859 1258 2920 in
1278 2861 1342 2919 Ro-
1426 2869 1427 2888 ¹

212 2975 305 3014 mana
325 2953 427 3016 Curia.
466 2958 568 3018 Etiam
589 2979 652 3018 nou
674 2971 718 3020 est
738 2959 897 3033 mirabile,
934 2961 1007 3039 quia
1035 2959 1172 3040 oportuit
1192 2979 1242 3018 me
1262 2980 1342 3019 sem-

212 3073 270 3135 per
288 3049 403 3114 liabere
424 3055 646 3133 advertentiam
666 3059 704 3118 ad
725 3060 845 3120 mulum
865 3059 900 3117 in
920 3059 1039 3118 stabulo
1060 3057 1207 3132 inferius,
1237 3069 1267 3120 et
1287 3081 1341 3119 au-

214 3151 314 3228 diatis,
348 3156 502 3235 quomodo
533 3178 655 3239 semper
686 3159 825 3220 fecimus.
886 3157 952 3217 Nos
978 3157 1093 3217 ivimus
1121 3158 1287 3238 aliquando
1307 3160 1341 3218 iu

213 3253 378 3334 Wimpina
397 3276 490 3336 super
512 3256 666 3332 scholam,
693 3260 749 3318 ubi
769 3278 890 3337 semper
909 3270 1122 3318 convenerunt
1141 3278 1236 3339 super
1255 3269 1340 3318 extra

213 3351 290 3413 boni
309 3353 393 3413 socii.
434 3357 476 3416 Et
495 3356 557 3417 fuit
577 3378 659 3418 uuus
679 3357 762 3419 inter
782 3378 850 3428 eos,
871 3357 925 3435 qui
946 3356 1061 3416 dicitur
1078 3357 1246 3438 Gregorius
1265 3359 1341 3437 Spe-

215 3451 295 3520 culi,
315 3454 370 3512 ille
390 3465 435 3514 est
455 3457 546 3516 valde
567 3457 772 3518 declarativus
792 3458 830 3518 de
850 3457 942 3517 modo
959 3457 1163 3537 supponendi.
1203 3457 1273 3537 Ipse
1289 3457 1341 3516 de·
1425 3463 1426 3468 ’

215 3553 311 3612 clarat
332 3553 413 3612 hane
433 3557 593 3617 materiam
614 3557 660 3618 ita
681 3559 780 3633 clare,
823 3557 901 3617 sicut
926 3577 981 3619 vos
1009 3555 1098 3617 nobis
1125 3556 1200 3616 olim
1221 3557 1340 3617 tertiam

214 3660 335 3732 partem
353 3654 540 3731 Alexandri,
575 3657 614 3718 de
628 3671 694 3718 arte
711 3651 913 3719 versificandi
976 3655 1231 3736 Quandocunque
1250 3657 1340 3718 audio

216 3771 288 3811 eum
308 3751 353 3811 sic
382 3775 485 3846 grosse
514 3757 602 3837 loqui
629 3757 668 3817 de
697 3757 753 3817 illa
773 3755 935 3818 luxuriosa
953 3775 1006 3830 re,
1047 3767 1123 3816 tunc
1143 3755 1271 3836 acquiro
1289 3755 1341 3815 de-

214 3849 410 3911 lectationem
433 3854 473 3914 ad
493 3858 739 3937 supponendum.
779 3857 844 3937 Ego
865 3855 998 3918 multum
1011 3855 1107 3915 didici
1128 3855 1165 3915 ab
1187 3873 1239 3928 eo,
1257 3853 1341 3936 (par-

216 3949 291 4008 catis
312 3951 406 4031 mihi,
426 3955 499 4034 quia
520 3967 564 4016 est
587 3979 663 4039 opus
682 3956 847 4036 naturale).
908 3957 974 4036 Ego
1001 3956 1132 4029 vellem,
1159 3954 1239 4015 sicut
1257 3957 1340 4015 Deus

217 4049 296 4108 mihi
315 4050 417 4129 juvat,
459 4074 557 4115 unum
578 4057 739 4118 Carliuum
763 4056 850 4129 dare,
889 4056 972 4136 quod
991 4075 1046 4115 vos
1066 4049 1183 4115 sciretis
1202 4054 1247 4115 ita
1266 4053 1340 4114 ami-

217 4147 357 4210 cabiliter
380 4152 519 4230 lardare,
559 4157 621 4216 nisi
652 4167 781 4239 propter
806 4175 939 4216 uxorem
974 4154 1098 4216 Ioannis
1124 4137 1340 4233 Pfefferkorn3

215 4257 290 4309 tunc
310 4253 468 4330 egumia,
500 4255 584 4337 quod
604 4268 721 4319 smmet
743 4271 796 4319 vos
822 4275 916 4336 supcr
936 4273 1042 4316 omnes
1063 4255 1139 4315 alios
1159 4254 1339 4334 'l'heologos
