2866 4724
959 156 978 190 θ’

215 283 219 298 ’
300 375 308 380 -
387 303 926 403 essenuvrno'n.
1079 405 1083 414 ,
1153 336 1214 402 ste

91 512 153 554 non
175 501 222 554 est
246 492 341 554 Deus.
378 497 470 573 Mag.
489 495 571 571 Lup.
610 495 678 572 ,Ego
699 491 980 573 nescio,n1mquid
1001 503 1046 553 est
1064 494 1105 554 de
1122 515 1215 570 mun-

92 592 153 650 do?
196 592 258 652 Sed
286 612 390 652 omnes
423 613 487 654 non
517 603 669 670 quaerunt
699 590 810 664 modo,
845 593 906 652 nisi
925 591 1083 672 raritates.
1123 598 1214 672 Mag.

95 694 189 770 Giug.
250 688 353 752 Etiam
374 713 428 754 vos
450 693 576 764 videtis,
618 690 770 770 quomodo
788 690 869 770 cepit
888 691 976 751 nobis
995 693 1141 773 Magister
1154 713 1220 759 no-¹

91 802 160 850 ster.
214 794 305 869 Mag.
326 791 391 850 Ort.
431 791 526 854 Modo
546 791 681 872 populus
709 799 753 850 est
768 799 929 868 ,comestus
958 792 1114 870 usquead
1140 811 1215 850 ossa.

91 891 281 968 Mapfflap.
342 890 438 950 Modo
466 911 530 952 non
550 900 622 950 sunt
648 888 711 948 nisi
736 887 871 964 decimes
892 888 925 948 in
947 889 1089 948 Ecclesia.
1123 893 1214 968 Mag.
1260 961 1266 982 ι

95 988 189 1067 Ging.
209 989 337 1063 Timeo,
361 1009 401 1048 ne
420 989 460 1048 sit
478 988 614 1053 vindicta
637 988 752 1048 divina.
783 990 873 1066 Mag.
891 987 956 1048 Ort.
977 988 1011 1048 Si
1031 989 1216 1068 essentboni

91 1087 338 1162 Prsedioetmes,
366 1088 423 1168 qui
442 1097 682 1148 remonstrarent
700 1086 852 1166 populos,
881 1106 943 1146 non
963 1096 1126 1164 regnarent
1145 1098 1216 1148 tan·
1276 1133 1279 1144 .

90 1197 155 1246 tom
177 1186 236 1246 ista
261 1197 393 1268 peccate.
452 1191 542 1266 Mag.
575 1187 658 1262 Lup.
719 1185 782 1264 Ego
812 1183 921 1259 credo,
965 1185 992 1245 si
1021 1205 1076 1246 vos
1102 1185 1215 1273 vivatis
1263 1250 1265 1263 ,

91 1286 241 1358 multum,
264 1285 346 1365 quod
365 1304 421 1346 vos
441 1285 584 1346 videbitis
603 1285 701 1344 multa
721 1304 812 1343 nova.
852 1286 942 1362 Mag.
961 1284 1053 1364 Ging.
1080 1286 1213 1361 Quando
1235 1353 1236 1358 η

91 1405 145 1465 ego
168 1403 254 1444 eram
275 1384 403 1444 clericus
423 1386 565 1446 novellus
588 1384 622 1444 in
645 1382 833 1456 Davsntria,
869 1403 924 1443 nos
946 1403 1008 1443 non
1028 1383 1213 1444 habebamus

89 1483 150 1544 nisi
171 1483 252 1546 bons
274 1483 446 1563 compilato.
466 1487 557 1562 Mag.
575 1481 642 1548 Ort.
682 1482 769 1542 Deus
789 1477 898 1543 lrabeat
918 1481 1052 1542 animam
1075 1483 1215 1562 Magistri

89 1582 194 1643 lscobi
215 1583 253 1642 de
271 1583 391 1663 platee,
432 1583 485 1644 sed
512 1583 578 1664 ipse
605 1581 695 1641 dabat
720 1581 808 1642 nobis
824 1581 906 1642 ‘bons
921 1591 1082 1661 reportata.
1123 1585 1215 1666 Meg.
1261 1593 1265 1600 '

91 1683 174 1760 Lup.
194 1681 304 1742 Pareat
323 1683 487 1744 altissimus
508 1678 656 1760 Magister
674 1679 840 1759 Boqnillon
860 1679 899 1740 de
920 1680 1011 1762 longa
1031 1681 1129 1762 Ripa,
1158 1683 1220 1762 sed,
1253 1671 1256 1678 ’

90 1780 157 1862 ipse
178 1781 268 1842 debat
288 1781 403 1862 optima
424 1781 643 1846 vocabulorum
662 1777 838 1858 significatu.
878 1783 967 1858 Mag.
984 1781 1079 1860 Ging.
1097 1782 1149 1840 Ho
1163 1782 1209 1860 Je

90 1901 159 1954 sus,
185 1881 267 1942 bona
280 1866 558 1962 'interrogumentm
591 1899 669 1960 quae
690 1878 780 1938 dabat
798 1877 887 1938 nobis
906 1899 964 1959 pro
987 1879 1215 1960 quaestionibus

90 1980 240 2060 Magister
259 1979 420 2059 Rupoldus
440 1979 479 2040 de
500 1980 585 2040 bessa
605 1978 693 2038 fossa.
733 1982 824 2058 Mag.
847 1979 913 2038 Ort.
962 1979 1026 2040 Nos
1046 1979 1214 2040 sciebamus

91 2073 274 2136 co'rdetenus
292 2089 395 2138 nostra
416 2073 603 2158 arguments.
644 2081 735 2156 Mag.
749 2079 832 2154 Lep.
850 2078 922 2137 Non
943 2079 1163 2158 quaerebamus
1180 2078 1219 2136 iu
1256 2142 1258 2152 ,

91 2176 331 2255 quaestionibus,
344 2177 474 2255 quidest
484 2176 676 2238 doctrinale?
698 2176 867 2240 doctrinale
875 2184 905 2234 et
918 2175 1119 2238 doctrinabile
1134 2196 1214 2256 quo-

91 2273 185 2334 modo
200 2273 377 2338 differunt?
399 2276 783 2354 Quotsuntnecessariein
796 2275 887 2336 domo
898 2268 980 2334 Dei?
1002 2275 1087 2354 Quid
1095 2275 1214 2346 estole·
1262 2315 1268 2328 .

90 2374 198 2434 ricus?
218 2373 304 2450 Quid
315 2384 359 2434 est
367 2374 517 2438 seientia?
538 2375 598 2436 Sed
608 2374 670 2454 jam
684 2375 788 2438 omnia
800 2373 1104 2436 istasuntdereliots.
1123 2377 1214 2454 Mag.

94 2473 200 2550 cing..
232 2473 426 2538 Habebamus
446 2475 541 2534 bonos
560 2485 698 2535 auctores
711 2484 828 2555 septem
848 2483 981 2546 actores,
1002 2471 1214 2532 Graecismum

92 2571 131 2632 dc
156 2571 408 2646 Gsrluudria,·et
427 2572 632 2642 scribebamus
652 2575 756 2638 omnia
776 2573 815 2634 de
834 2593 929 2634 mauu
949 2571 1083 2652 proprie.
1122 2575 1216 2650 Mag.

94 2669 163 2731 Ort.
181 2669 284 2730 Etiam
303 2691 359 2732 nos
378 2657 564 2734 bibebamus
582 2673 664 2734 bona
681 2673 891 2736 fundamenta.
931 2675 1022 2752 Mag.
1038 2672 1121 2748 Lup.
1142 2672 1215 2732 Mo·

92 2768 132 2830 do
155 2788 221 2830 non
241 2779 286 2830 est
305 2770 437 2852 amplius
456 2772 593 2853 quaestio
622 2771 661 2832 ds
686 2772 740 2834 viu
756 2782 878 2853 patrum
899 2782 1084 2842 nostrorum.
1124 2773 1216 2850 Mag.

47 2861 51 2870 ’
94 2871 192 2952 Ging.
228 2867 343 2942 Modo,
375 2880 538 2952 antequem
557 2893 637 2934 uum
657 2891 737 2953 puer
763 2871 838 2932 soist
863 2889 1012 2951 mungere
1042 2890 1133 2930 scum
1158 2889 1219 2932 ue-

91 2989 177 3044 rum,
211 2977 348 3049 oportet,
376 2969 460 3049 quod
484 2979 618 3052 ponatur
643 2971 682 3032 sd
703 2971 866 3031 Graecum.
907 2973 997 3050 Mag.
1012 2969 1079 3032 Ort.
1119 2969 1219 3032 Medo
1262 2991 1264 2997 ·

91 3089 151 3152 pro
171 3066 315 3130 faciendo
335 3068 562 3132 conclusionem
581 3069 664 3132 nihil
682 3070 788 3132 velent
809 3069 921 3140 omnis.
950 3071 1040 3149 Mag.
1061 3071 1146 3146 Lup.
1181 3068 1217 3130 si

91 3167 142 3226 illi
163 3167 239 3228 boni
260 3175 379 3246 patres,
401 3167 455 3247 qui
476 3181 563 3230 erant
582 3168 680 3231 nostri
699 3179 928 3250 praeceptores,
948 3167 1091 3229 venirent
1112 3168 1215 3241 modo,

91 3275 197 3326 saneta
215 3265 331 3340 Maria,
372 3267 447 3346 quid
473 3267 611 3330 dicerent
638 3268 742 3328 omnia
768 3267 813 3328 sic
835 3265 970 3331 mutata?
1003 3269 1093 3345 Mag.
1119 3268 1216 3344 Ging.

93 3364 157 3424 Sed
177 3362 253 3443 quid
272 3364 410 3425 dicerent
427 3365 466 3426 de
485 3377 588 3430 nostra
607 3367 725 3441 Biblie,
743 3388 821 3447 quse
842 3376 888 3426 est
908 3363 999 3426 modo
1021 3365 1065 3426 sic
1083 3383 1217 3426 renova-

92 3457 155 3525 tu'l¹
176 3465 267 3542 Mag.
281 3461 347 3558 qt.
383 3464 443 3524 Sed
465 3467 541 3544 quid
568 3466 706 3529 dicerent
730 3466 769 3527 de
794 3467 884 3526 beate
905 3462 1102 3542 Magdalena,
1138 3482 1218 3544 quae

94 3573 141 3622 est
160 3562 252 3622 modo
271 3562 316 3621 sic
333 3560 507 3651 triplicata?
538 3565 715 3628 RetecMin:
745 3567 892 3631 Erasme,
921 3581 1012 3642 surge
1033 3581 1145 3641 quaeso
1152 3602 1162 3636 ,
1186 3570 1218 3624 et

94 3659 321 3740 expergiscere!
360 3664 627 3743 ErasmeseQuid
646 3683 782 3742 surgam,
804 3673 835 3723 et
851 3659 1064 3742 expergiscor?
1085 3659 1217 3723 Reucdl.
1329 3653 1332 3665 '

94 3758 137 3818 Ut
158 3758 263 3822 rideas·
281 3768 311 3818 et
330 3759 476 3838 irrideam
501 3782 601 3843 surge,
620 3761 763 3843 inquam,
790 3761 862 3836 satis
883 3758 1045 3832 laetabere,
1065 3761 1092 3818 si
1112 3779 1219 3838 surre7

94 3855 187 3920 xoris.
207 3859 329 3920 Ercsm.
356 3859 435 3938 Quis
457 3871 516 3936 est,
537 3862 591 3944 qui
614 3884 664 3924 me
684 3859 792 3936 vocati
812 3859 942 3922 Reuehl.
964 3859 1058 3936 ,Tuus
1079 3858 1219 3919 inbonis

94 3954 194 4016 literis
216 3957 349 4036 collega,
384 3959 548 4024 Reuchliu.
588 3964 710 4023 Ernsm.
752 3956 1014 4038 Amicigpreoibus
1035 3956 1220 4036 aliquidest

94 4053 340 4118 condonandum.
382 4058 510 4136 Surgam
532 4060 641 4142 igitur,
683 4069 737 4136 ut,
767 4056 843 4139 quid
867 4076 918 4118 me
940 4055 1032 4129 velis,
1061 4056 1219 4138 accipiam.

93 4152 227 4214 Reuohl.
250 4153 305 4215 Vis
326 4175 392 4219 reru
413 4159 521 4220 audire
540 4160 719 4234 ridiculam,
758 4166 789 4218 et
814 4156 871 4216 tibi
894 4155 976 4216 forte
995 4154 1146 4242 voluptati
1166 4156 1219 4215 fu-

93 4253 218 4312 turam?
248 4255 368 4318 Jrrasn.
409 4255 490 4322 Volo
511 4259 630 4334 hercle,
653 4259 742 4322 modo
763 4255 845 4318 nibil
865 4254 903 4318 sit
922 4253 1048 4316 l'rendis.
1089 4254 1243 4328 Iieuelzl.¹
