<?xml version="1.0" encoding="UTF-8"?>
<!DOCTYPE html PUBLIC "-//W3C//DTD XHTML 1.0 Transitional//EN"
    "http://www.w3.org/TR/xhtml1/DTD/xhtml1-transitional.dtd">
<html xmlns="http://www.w3.org/1999/xhtml" xml:lang="en" lang="en">
 <head>
  <title>
</title>
<meta http-equiv="Content-Type" content="text/html;charset=utf-8" />
  <meta name='ocr-system' content='tesseract 3.04.00' />
  <meta name='ocr-capabilities' content='ocr_page ocr_carea ocr_par ocr_line ocrx_word'/>
</head>
<body>
  <div class='ocr_page' id='page_1' title='image "./ulrichiabhutten04mngoog_0329.png"; bbox 0 0 2866 4724; ppageno 0'>
   <div class='ocr_carea' id='block_1_1' title="bbox 385 317 1319 430">
    <p class='ocr_par' dir='ltr' id='par_1_1' title="bbox 385 317 1319 430">
     <span class='ocr_line' id='line_1_1' title="bbox 385 317 1319 430; baseline -0.001 -11"><span class='ocrx_word' id='word_1_1' title='bbox 385 317 1010 425; x_wconf 65' lang='lat' dir='ltr'><strong>brecantinos*</strong></span> <span class='ocrx_word' id='word_1_2' title='bbox 1156 355 1218 418; x_wconf 79' lang='lat' dir='ltr'><strong>aas</strong></span> <span class='ocrx_word' id='word_1_3' title='bbox 1317 425 1319 430; x_wconf 59' lang='grc'><strong>,</strong></span> 
     </span>
    </p>
   </div>
   <div class='ocr_carea' id='block_1_2' title="bbox 75 503 1314 4384">
    <p class='ocr_par' dir='ltr' id='par_1_2' title="bbox 75 503 1314 3074">
     <span class='ocr_line' id='line_1_2' title="bbox 81 503 1218 593; baseline -0.004 -19"><span class='ocrx_word' id='word_1_4' title='bbox 81 507 257 574; x_wconf 74' lang='lat' dir='ltr'><strong>Reuedlin.</strong></span> <span class='ocrx_word' id='word_1_5' title='bbox 278 512 344 574; x_wconf 89' lang='lat' dir='ltr'><strong>Nec</strong></span> <span class='ocrx_word' id='word_1_6' title='bbox 358 525 457 587; x_wconf 88' lang='lat' dir='ltr'><strong>certe,</strong></span> <span class='ocrx_word' id='word_1_7' title='bbox 478 503 563 593; x_wconf 79' lang='lat' dir='ltr'><strong>&#39;qumi</strong></span> <span class='ocrx_word' id='word_1_8' title='bbox 584 510 681 570; x_wconf 88' lang='lat' dir='ltr'><strong>multo</strong></span> <span class='ocrx_word' id='word_1_9' title='bbox 702 511 797 590; x_wconf 90' lang='lat' dir='ltr'><strong>magis</strong></span> <span class='ocrx_word' id='word_1_10' title='bbox 819 511 989 586; x_wconf 76' lang='lat' dir='ltr'><strong>mirabere,</strong></span> <span class='ocrx_word' id='word_1_11' title='bbox 1017 510 1218 571; x_wconf 87' lang='lat' dir='ltr'><strong>elementarii.</strong></span> 
     </span>
     <span class='ocr_line' id='line_1_3' title="bbox 82 606 1218 686; baseline -0.003 -13"><span class='ocrx_word' id='word_1_12' title='bbox 82 618 213 674; x_wconf 84' lang='lat' dir='ltr'><strong>Erasm.</strong></span> <span class='ocrx_word' id='word_1_13' title='bbox 275 611 405 672; x_wconf 82' lang='lat' dir='ltr'><strong>Nihilne</strong></span> <span class='ocrx_word' id='word_1_14' title='bbox 427 612 541 672; x_wconf 87' lang='lat' dir='ltr'><strong>habent</strong></span> <span class='ocrx_word' id='word_1_15' title='bbox 563 609 652 669; x_wconf 88' lang='lat' dir='ltr'><strong>latini</strong></span> <span class='ocrx_word' id='word_1_16' title='bbox 673 606 847 670; x_wconf 75' lang='lat' dir='ltr'><strong>sermonis?</strong></span> <span class='ocrx_word' id='word_1_17' title='bbox 868 609 997 670; x_wconf 77' lang='lat' dir='ltr'><strong>Reuohl.</strong></span> <span class='ocrx_word' id='word_1_18' title='bbox 1040 611 1141 686; x_wconf 80' lang='lat' dir='ltr'><strong>Quem</strong></span> <span class='ocrx_word' id='word_1_19' title='bbox 1161 611 1218 670; x_wconf 85' lang='lat' dir='ltr'><strong>ha-</strong></span> 
     </span>
     <span class='ocr_line' id='line_1_4' title="bbox 84 708 1314 788; baseline -0.005 -16"><span class='ocrx_word' id='word_1_20' title='bbox 84 713 185 786; x_wconf 89' lang='lat' dir='ltr'><strong>bent,</strong></span> <span class='ocrx_word' id='word_1_21' title='bbox 207 709 422 770; x_wconf 87' lang='lat' dir='ltr'><strong>latinissimum</strong></span> <span class='ocrx_word' id='word_1_22' title='bbox 447 709 572 782; x_wconf 86' lang='lat' dir='ltr'><strong>dicunt‚·</strong></span> <span class='ocrx_word' id='word_1_23' title='bbox 591 718 621 768; x_wconf 90' lang='lat' dir='ltr'><strong>et</strong></span> <span class='ocrx_word' id='word_1_24' title='bbox 637 708 794 768; x_wconf 82' lang='lat' dir='ltr'><strong>Ciceronis</strong></span> <span class='ocrx_word' id='word_1_25' title='bbox 815 710 895 788; x_wconf 77' lang='lat' dir='ltr'><strong>stylo</strong></span> <span class='ocrx_word' id='word_1_26' title='bbox 917 711 995 768; x_wconf 90' lang='lat' dir='ltr'><strong>bene</strong></span> <span class='ocrx_word' id='word_1_27' title='bbox 1016 709 1218 769; x_wconf 81' lang='lat' dir='ltr'><strong>conformem.</strong></span> <span class='ocrx_word' id='word_1_28' title='bbox 1311 743 1314 750; x_wconf 87' lang='lat'><strong>·</strong></span> 
     </span>
     <span class='ocr_line' id='line_1_5' title="bbox 86 807 1219 887; baseline -0.003 -17"><span class='ocrx_word' id='word_1_29' title='bbox 86 813 216 870; x_wconf 85' lang='lat' dir='ltr'><strong>Erasm.</strong></span> <span class='ocrx_word' id='word_1_30' title='bbox 238 809 277 868; x_wconf 86' lang='lat' dir='ltr'><strong>Et</strong></span> <span class='ocrx_word' id='word_1_31' title='bbox 298 807 342 866; x_wconf 88' lang='lat' dir='ltr'><strong>ita</strong></span> <span class='ocrx_word' id='word_1_32' title='bbox 363 810 430 868; x_wconf 77' lang='lat' dir='ltr'><strong>esti</strong></span> <span class='ocrx_word' id='word_1_33' title='bbox 449 807 582 868; x_wconf 68' lang='lat' dir='ltr'><strong>Fenchi.</strong></span> <span class='ocrx_word' id='word_1_34' title='bbox 605 807 715 885; x_wconf 74' lang='lat' dir='ltr'><strong>Quid?</strong></span> <span class='ocrx_word' id='word_1_35' title='bbox 758 808 915 887; x_wconf 84' lang='lat' dir='ltr'><strong>Agrestes,</strong></span> <span class='ocrx_word' id='word_1_36' title='bbox 935 807 1066 880; x_wconf 86' lang='lat' dir='ltr'><strong>vetulae,</strong></span> <span class='ocrx_word' id='word_1_37' title='bbox 1089 807 1219 867; x_wconf 86' lang='lat' dir='ltr'><strong>idiotae·</strong></span> 
     </span>
     <span class='ocr_line' id='line_1_6' title="bbox 85 905 1221 988; baseline -0.001 -22"><span class='ocrx_word' id='word_1_38' title='bbox 85 928 150 988; x_wconf 83' lang='lat' dir='ltr'><strong>que</strong></span> <span class='ocrx_word' id='word_1_39' title='bbox 174 906 281 967; x_wconf 77' lang='lat' dir='ltr'><strong>rustici</strong></span> <span class='ocrx_word' id='word_1_40' title='bbox 302 908 452 988; x_wconf 90' lang='lat' dir='ltr'><strong>comptius</strong></span> <span class='ocrx_word' id='word_1_41' title='bbox 474 908 571 966; x_wconf 90' lang='lat' dir='ltr'><strong>multo</strong></span> <span class='ocrx_word' id='word_1_42' title='bbox 592 907 790 985; x_wconf 78' lang='lat' dir='ltr'><strong>loquerentur</strong></span> <span class='ocrx_word' id='word_1_43' title='bbox 813 917 843 966; x_wconf 88' lang='lat' dir='ltr'><strong>et</strong></span> <span class='ocrx_word' id='word_1_44' title='bbox 861 905 979 986; x_wconf 89' lang='lat' dir='ltr'><strong>purius.</strong></span> <span class='ocrx_word' id='word_1_45' title='bbox 1000 909 1121 966; x_wconf 80' lang='lat' dir='ltr'><strong>Erusm.</strong></span> <span class='ocrx_word' id='word_1_46' title='bbox 1141 908 1221 965; x_wconf 82' lang='lat' dir='ltr'><strong>&#39;Pra-</strong></span> 
     </span>
     <span class='ocr_line' id='line_1_7' title="bbox 86 1004 1220 1068; baseline -0.005 0"><span class='ocrx_word' id='word_1_47' title='bbox 86 1006 138 1068; x_wconf 87' lang='lat' dir='ltr'><strong>his</strong></span> <span class='ocrx_word' id='word_1_48' title='bbox 164 1023 216 1065; x_wconf 86' lang='lat' dir='ltr'><strong>me</strong></span> <span class='ocrx_word' id='word_1_49' title='bbox 236 1006 270 1064; x_wconf 90' lang='lat' dir='ltr'><strong>in</strong></span> <span class='ocrx_word' id='word_1_50' title='bbox 291 1006 535 1065; x_wconf 75' lang='lat' dir='ltr'><strong>admirationem.</strong></span> <span class='ocrx_word' id='word_1_51' title='bbox 564 1005 694 1064; x_wconf 78' lang='lat' dir='ltr'><strong>Reuchl.</strong></span> <span class='ocrx_word' id='word_1_52' title='bbox 725 1004 791 1064; x_wconf 87' lang='lat' dir='ltr'><strong>Nec</strong></span> <span class='ocrx_word' id='word_1_53' title='bbox 812 1015 894 1065; x_wconf 89' lang='lat' dir='ltr'><strong>certe</strong></span> <span class='ocrx_word' id='word_1_54' title='bbox 914 1005 1079 1064; x_wconf 85' lang='lat' dir='ltr'><strong>immerito.</strong></span> <span class='ocrx_word' id='word_1_55' title='bbox 1099 1008 1220 1064; x_wconf 76' lang='lat' dir='ltr'><strong>Eraam.</strong></span> 
     </span>
     <span class='ocr_line' id='line_1_8' title="bbox 87 1089 1286 1182; baseline -0.001 -18"><span class='ocrx_word' id='word_1_56' title='bbox 87 1105 164 1165; x_wconf 89' lang='lat' dir='ltr'><strong>Nou</strong></span> <span class='ocrx_word' id='word_1_57' title='bbox 185 1116 258 1164; x_wconf 90' lang='lat' dir='ltr'><strong>suut</strong></span> <span class='ocrx_word' id='word_1_58' title='bbox 279 1116 382 1164; x_wconf 86' lang='lat' dir='ltr'><strong>tamen</strong></span> <span class='ocrx_word' id='word_1_59' title='bbox 399 1104 545 1164; x_wconf 82' lang='lat' dir='ltr'><strong>fabulae?</strong></span> <span class='ocrx_word' id='word_1_60' title='bbox 564 1103 694 1162; x_wconf 79' lang='lat' dir='ltr'><strong>Reraclal.</strong></span> <span class='ocrx_word' id='word_1_61' title='bbox 714 1102 795 1176; x_wconf 85' lang='lat' dir='ltr'><strong>Nou,</strong></span> <span class='ocrx_word' id='word_1_62' title='bbox 818 1121 890 1162; x_wconf 89' lang='lat' dir='ltr'><strong>non.</strong></span> <span class='ocrx_word' id='word_1_63' title='bbox 911 1105 1032 1162; x_wconf 71' lang='lat' dir='ltr'><strong>Idaeam.</strong></span> <span class='ocrx_word' id='word_1_64' title='bbox 1055 1107 1156 1182; x_wconf 89' lang='lat' dir='ltr'><strong>Quam</strong></span> <span class='ocrx_word' id='word_1_65' title='bbox 1170 1123 1222 1163; x_wconf 81' lang='lat' dir='ltr'><strong>ar·</strong></span> <span class='ocrx_word' id='word_1_66' title='bbox 1279 1089 1286 1109; x_wconf 63' lang='lat'><strong><em>‘</em></strong></span> 
     </span>
     <span class='ocr_line' id='line_1_9' title="bbox 87 1201 1221 1284; baseline 0 -22"><span class='ocrx_word' id='word_1_67' title='bbox 87 1216 152 1262; x_wconf 88' lang='lat' dir='ltr'><strong>tem</strong></span> <span class='ocrx_word' id='word_1_68' title='bbox 174 1201 359 1283; x_wconf 87' lang='lat' dir='ltr'><strong>profitentur</strong></span> <span class='ocrx_word' id='word_1_69' title='bbox 379 1203 461 1284; x_wconf 73' lang='lat' dir='ltr'><strong>ipsi?</strong></span> <span class='ocrx_word' id='word_1_70' title='bbox 488 1203 618 1264; x_wconf 79' lang='lat' dir='ltr'><strong>Reuchl.</strong></span> <span class='ocrx_word' id='word_1_71' title='bbox 655 1201 786 1280; x_wconf 84' lang='lat' dir='ltr'><strong>Nesci03</strong></span> <span class='ocrx_word' id='word_1_72' title='bbox 807 1202 946 1282; x_wconf 86' lang='lat' dir='ltr'><strong>suspicor</strong></span> <span class='ocrx_word' id='word_1_73' title='bbox 966 1213 1067 1262; x_wconf 88' lang='lat' dir='ltr'><strong>tamen</strong></span> <span class='ocrx_word' id='word_1_74' title='bbox 1084 1203 1221 1263; x_wconf 82' lang='lat' dir='ltr'><strong>Theoio-</strong></span> 
     </span>
     <span class='ocr_line' id='line_1_10' title="bbox 79 1302 1221 1383; baseline 0.003 -24"><span class='ocrx_word' id='word_1_75' title='bbox 79 1307 204 1382; x_wconf 66' lang='lat' dir='ltr'><strong>”garum</strong></span> <span class='ocrx_word' id='word_1_76' title='bbox 227 1321 339 1360; x_wconf 87' lang='lat' dir='ltr'><strong>nomen</strong></span> <span class='ocrx_word' id='word_1_77' title='bbox 366 1303 425 1361; x_wconf 88' lang='lat' dir='ltr'><strong>sibi</strong></span> <span class='ocrx_word' id='word_1_78' title='bbox 446 1302 619 1364; x_wconf 80' lang='lat' dir='ltr'><strong>veridicare.</strong></span> <span class='ocrx_word' id='word_1_79' title='bbox 646 1304 769 1379; x_wconf 78' lang='lat' dir='ltr'><strong>Erasm.</strong></span> <span class='ocrx_word' id='word_1_80' title='bbox 802 1306 881 1362; x_wconf 88' lang='lat' dir='ltr'><strong>Sunt</strong></span> <span class='ocrx_word' id='word_1_81' title='bbox 894 1302 1070 1383; x_wconf 71' lang='lat' dir='ltr'><strong>Theologii</strong></span> <span class='ocrx_word' id='word_1_82' title='bbox 1091 1303 1221 1362; x_wconf 77' lang='lat' dir='ltr'><strong>Reuchl.</strong></span> 
     </span>
     <span class='ocr_line' id='line_1_11' title="bbox 89 1394 1221 1479; baseline -0.002 -17"><span class='ocrx_word' id='word_1_83' title='bbox 89 1402 189 1462; x_wconf 60' lang='lat' dir='ltr'><strong>Tales*</strong></span> <span class='ocrx_word' id='word_1_84' title='bbox 205 1399 311 1458; x_wconf 90' lang='lat' dir='ltr'><strong>saltem</strong></span> <span class='ocrx_word' id='word_1_85' title='bbox 333 1401 441 1460; x_wconf 85' lang='lat' dir='ltr'><strong>videre</strong></span> <span class='ocrx_word' id='word_1_86' title='bbox 461 1402 580 1462; x_wconf 89' lang='lat' dir='ltr'><strong>volunt.</strong></span> <span class='ocrx_word' id='word_1_87' title='bbox 603 1404 724 1460; x_wconf 81' lang='lat' dir='ltr'><strong>Erasm.</strong></span> <span class='ocrx_word' id='word_1_88' title='bbox 747 1401 861 1479; x_wconf 83' lang='lat' dir='ltr'><strong>Quales</strong></span> <span class='ocrx_word' id='word_1_89' title='bbox 882 1394 954 1479; x_wconf 73' lang='lat' dir='ltr'><strong>orgo</strong></span> <span class='ocrx_word' id='word_1_90' title='bbox 972 1400 1034 1460; x_wconf 87' lang='lat' dir='ltr'><strong>tibi</strong></span> <span class='ocrx_word' id='word_1_91' title='bbox 1046 1401 1221 1463; x_wconf 66' lang='lat' dir='ltr'><strong>uidentur?</strong></span> 
     </span>
     <span class='ocr_line' id='line_1_12' title="bbox 89 1495 1222 1579; baseline -0.001 -19"><span class='ocrx_word' id='word_1_92' title='bbox 89 1497 225 1560; x_wconf 78' lang='lat' dir='ltr'><strong>Reuchl.</strong></span> <span class='ocrx_word' id='word_1_93' title='bbox 248 1495 487 1576; x_wconf 83' lang='lat' dir='ltr'><strong>Quaestionarii.</strong></span> <span class='ocrx_word' id='word_1_94' title='bbox 514 1504 637 1560; x_wconf 69' lang='lat' dir='ltr'><strong>Erizam.</strong></span> <span class='ocrx_word' id='word_1_95' title='bbox 681 1501 766 1579; x_wconf 85' lang='lat' dir='ltr'><strong>Quid</strong></span> <span class='ocrx_word' id='word_1_96' title='bbox 784 1519 903 1559; x_wconf 88' lang='lat' dir='ltr'><strong>summe</strong></span> <span class='ocrx_word' id='word_1_97' title='bbox 923 1500 1071 1560; x_wconf 85' lang='lat' dir='ltr'><strong>laudant?</strong></span> <span class='ocrx_word' id='word_1_98' title='bbox 1091 1502 1222 1561; x_wconf 78' lang='lat' dir='ltr'><strong>Reuchl.</strong></span> 
     </span>
     <span class='ocr_line' id='line_1_13' title="bbox 75 1597 1223 1682; baseline 0.001 -23"><span class='ocrx_word' id='word_1_99' title='bbox 75 1598 201 1672; x_wconf 80' lang='lat' dir='ltr'><strong>¹Nihil,</strong></span> <span class='ocrx_word' id='word_1_100' title='bbox 222 1597 283 1657; x_wconf 88' lang='lat' dir='ltr'><strong>uisi</strong></span> <span class='ocrx_word' id='word_1_101' title='bbox 312 1598 395 1676; x_wconf 86' lang='lat' dir='ltr'><strong>quod</strong></span> <span class='ocrx_word' id='word_1_102' title='bbox 415 1611 460 1658; x_wconf 88' lang='lat' dir='ltr'><strong>est</strong></span> <span class='ocrx_word' id='word_1_103' title='bbox 479 1600 718 1680; x_wconf 89' lang='lat' dir='ltr'><strong>vituperandum</strong></span> <span class='ocrx_word' id='word_1_104' title='bbox 739 1599 883 1660; x_wconf 81' lang='lat' dir='ltr'><strong>maxime.</strong></span> <span class='ocrx_word' id='word_1_105' title='bbox 919 1597 1034 1660; x_wconf 86' lang='lat' dir='ltr'><strong>Omnes</strong></span> <span class='ocrx_word' id='word_1_106' title='bbox 1056 1599 1095 1660; x_wconf 64' lang='lat' dir='ltr'><strong>in*</strong></span> <span class='ocrx_word' id='word_1_107' title='bbox 1111 1601 1223 1682; x_wconf 79' lang='lat' dir='ltr'><strong>primia</strong></span> 
     </span>
     <span class='ocr_line' id='line_1_14' title="bbox 92 1697 1224 1780; baseline 0.002 -23"><span class='ocrx_word' id='word_1_108' title='bbox 92 1706 225 1778; x_wconf 88' lang='lat' dir='ltr'><strong>carpunt</strong></span> <span class='ocrx_word' id='word_1_109' title='bbox 245 1697 410 1772; x_wconf 89' lang='lat' dir='ltr'><strong>audacule‚</strong></span> <span class='ocrx_word' id='word_1_110' title='bbox 433 1719 527 1778; x_wconf 88' lang='lat' dir='ltr'><strong>seque</strong></span> <span class='ocrx_word' id='word_1_111' title='bbox 547 1703 627 1759; x_wconf 88' lang='lat' dir='ltr'><strong>solos</strong></span> <span class='ocrx_word' id='word_1_112' title='bbox 648 1700 830 1780; x_wconf 80' lang='lat' dir='ltr'><strong>opinantur,</strong></span> <span class='ocrx_word' id='word_1_113' title='bbox 867 1698 922 1777; x_wconf 90' lang='lat' dir='ltr'><strong>qui</strong></span> <span class='ocrx_word' id='word_1_114' title='bbox 941 1700 1043 1759; x_wconf 88' lang='lat' dir='ltr'><strong>Deum</strong></span> <span class='ocrx_word' id='word_1_115' title='bbox 1064 1700 1224 1779; x_wconf 88' lang='lat' dir='ltr'><strong>praediea-</strong></span> 
     </span>
     <span class='ocr_line' id='line_1_15' title="bbox 91 1785 1222 1876; baseline 0 -18"><span class='ocrx_word' id='word_1_116' title='bbox 91 1817 145 1871; x_wconf 87' lang='lat' dir='ltr'><strong>re,</strong></span> <span class='ocrx_word' id='word_1_117' title='bbox 182 1797 220 1856; x_wconf 88' lang='lat' dir='ltr'><strong>de</strong></span> <span class='ocrx_word' id='word_1_118' title='bbox 240 1797 357 1857; x_wconf 83' lang='lat' dir='ltr'><strong>virtute</strong></span> <span class='ocrx_word' id='word_1_119' title='bbox 376 1797 482 1876; x_wconf 90' lang='lat' dir='ltr'><strong>loqui,</strong></span> <span class='ocrx_word' id='word_1_120' title='bbox 518 1809 548 1858; x_wconf 87' lang='lat' dir='ltr'><strong>et</strong></span> <span class='ocrx_word' id='word_1_121' title='bbox 568 1801 660 1858; x_wconf 89' lang='lat' dir='ltr'><strong>sacris</strong></span> <span class='ocrx_word' id='word_1_122' title='bbox 681 1798 816 1858; x_wconf 89' lang='lat' dir='ltr'><strong>moribus</strong></span> <span class='ocrx_word' id='word_1_123' title='bbox 840 1798 934 1865; x_wconf 81' lang='lat' dir='ltr'><strong>verba</strong></span> <span class='ocrx_word' id='word_1_124' title='bbox 960 1785 1063 1859; x_wconf 79' lang='lat' dir='ltr'><strong>facere</strong></span> <span class='ocrx_word' id='word_1_125' title='bbox 1084 1798 1222 1859; x_wconf 88' lang='lat' dir='ltr'><strong>debeant.</strong></span> 
     </span>
     <span class='ocr_line' id='line_1_16' title="bbox 93 1895 1224 1988; baseline 0.003 -33"><span class='ocrx_word' id='word_1_126' title='bbox 93 1899 229 1988; x_wconf 64' lang='lat' dir='ltr'><strong>Erizam</strong></span> <span class='ocrx_word' id='word_1_127' title='bbox 252 1896 356 1955; x_wconf 85' lang='lat' dir='ltr'><strong>Vitam</strong></span> <span class='ocrx_word' id='word_1_128' title='bbox 379 1897 461 1956; x_wconf 88' lang='lat' dir='ltr'><strong>forte</strong></span> <span class='ocrx_word' id='word_1_129' title='bbox 482 1895 726 1979; x_wconf 81' lang='lat' dir='ltr'><strong>philosophicam</strong></span> <span class='ocrx_word' id='word_1_130' title='bbox 748 1897 878 1977; x_wconf 87' lang='lat' dir='ltr'><strong>degunt,</strong></span> <span class='ocrx_word' id='word_1_131' title='bbox 907 1915 948 1956; x_wconf 86' lang='lat' dir='ltr'><strong>ao·</strong></span> <span class='ocrx_word' id='word_1_132' title='bbox 962 1897 1079 1976; x_wconf 86' lang='lat' dir='ltr'><strong>divitiis</strong></span> <span class='ocrx_word' id='word_1_133' title='bbox 1099 1899 1224 1978; x_wconf 88' lang='lat' dir='ltr'><strong>praefe-</strong></span> 
     </span>
     <span class='ocr_line' id='line_1_17' title="bbox 92 1986 1224 2080; baseline -0.001 -22"><span class='ocrx_word' id='word_1_134' title='bbox 92 2009 168 2058; x_wconf 86' lang='lat' dir='ltr'><strong>runt</strong></span> <span class='ocrx_word' id='word_1_135' title='bbox 189 2007 409 2080; x_wconf 82' lang='lat' dir='ltr'><strong>paupertatem.</strong></span> <span class='ocrx_word' id='word_1_136' title='bbox 438 1996 569 2056; x_wconf 78' lang='lat' dir='ltr'><strong>Reuahl.</strong></span> <span class='ocrx_word' id='word_1_137' title='bbox 611 1986 847 2076; x_wconf 82' lang='lat' dir='ltr'><strong>Paupertatem?</strong></span> <span class='ocrx_word' id='word_1_138' title='bbox 867 1996 1006 2076; x_wconf 84' lang='lat' dir='ltr'><strong>Jupiter!</strong></span> <span class='ocrx_word' id='word_1_139' title='bbox 1025 1996 1155 2056; x_wconf 90' lang='lat' dir='ltr'><strong>Nullum</strong></span> <span class='ocrx_word' id='word_1_140' title='bbox 1179 2005 1224 2058; x_wconf 82' lang='lat' dir='ltr'><strong>est</strong></span> 
     </span>
     <span class='ocr_line' id='line_1_18' title="bbox 94 2096 1222 2176; baseline -0.002 -18"><span class='ocrx_word' id='word_1_141' title='bbox 94 2099 258 2158; x_wconf 88' lang='lat' dir='ltr'><strong>hominum</strong></span> <span class='ocrx_word' id='word_1_142' title='bbox 282 2115 394 2176; x_wconf 76' lang='lat' dir='ltr'><strong>genus,</strong></span> <span class='ocrx_word' id='word_1_143' title='bbox 414 2096 497 2175; x_wconf 87' lang='lat' dir='ltr'><strong>quod</strong></span> <span class='ocrx_word' id='word_1_144' title='bbox 518 2096 700 2175; x_wconf 87' lang='lat' dir='ltr'><strong>palatiorum</strong></span> <span class='ocrx_word' id='word_1_145' title='bbox 722 2099 899 2176; x_wconf 86' lang='lat' dir='ltr'><strong>pavimenta</strong></span> <span class='ocrx_word' id='word_1_146' title='bbox 919 2096 1111 2176; x_wconf 82' lang='lat' dir='ltr'><strong>frequentius</strong></span> <span class='ocrx_word' id='word_1_147' title='bbox 1134 2107 1222 2171; x_wconf 84' lang='lat' dir='ltr'><strong>terat,</strong></span> 
     </span>
     <span class='ocr_line' id='line_1_19' title="bbox 94 2194 1234 2278; baseline -0.001 -22"><span class='ocrx_word' id='word_1_148' title='bbox 94 2217 186 2278; x_wconf 90' lang='lat' dir='ltr'><strong>quam</strong></span> <span class='ocrx_word' id='word_1_149' title='bbox 206 2195 265 2256; x_wconf 87' lang='lat' dir='ltr'><strong>isti.</strong></span> <span class='ocrx_word' id='word_1_150' title='bbox 299 2197 422 2254; x_wconf 82' lang='lat' dir='ltr'><strong>Erasm.</strong></span> <span class='ocrx_word' id='word_1_151' title='bbox 456 2197 709 2274; x_wconf 85' lang='lat' dir='ltr'><strong>Asperuauturne</strong></span> <span class='ocrx_word' id='word_1_152' title='bbox 731 2194 895 2271; x_wconf 84' lang='lat' dir='ltr'><strong>beneficia,</strong></span> <span class='ocrx_word' id='word_1_153' title='bbox 924 2205 953 2254; x_wconf 89' lang='lat' dir='ltr'><strong>ot</strong></span> <span class='ocrx_word' id='word_1_154' title='bbox 973 2194 1148 2254; x_wconf 87' lang='lat' dir='ltr'><strong>animarum</strong></span> <span class='ocrx_word' id='word_1_155' title='bbox 1167 2217 1234 2256; x_wconf 87' lang='lat' dir='ltr'><strong>cu·-</strong></span> 
     </span>
     <span class='ocr_line' id='line_1_20' title="bbox 95 2293 1224 2375; baseline -0.003 -18"><span class='ocrx_word' id='word_1_156' title='bbox 95 2299 170 2358; x_wconf 78' lang='lat' dir='ltr'><strong>ras?</strong></span> <span class='ocrx_word' id='word_1_157' title='bbox 190 2295 320 2356; x_wconf 65' lang='lat' dir='ltr'><strong>fflzaelzl.</strong></span> <span class='ocrx_word' id='word_1_158' title='bbox 341 2296 564 2375; x_wconf 85' lang='lat' dir='ltr'><strong>Aspernautur‚</strong></span> <span class='ocrx_word' id='word_1_159' title='bbox 586 2298 671 2356; x_wconf 90' lang='lat' dir='ltr'><strong>Deus</strong></span> <span class='ocrx_word' id='word_1_160' title='bbox 693 2293 913 2356; x_wconf 62' lang='lat' dir='ltr'><strong>bone&#39;i‘immo</strong></span> <span class='ocrx_word' id='word_1_161' title='bbox 935 2314 1008 2354; x_wconf 87' lang='lat' dir='ltr'><strong>vero</strong></span> <span class='ocrx_word' id='word_1_162' title='bbox 1032 2315 1089 2374; x_wconf 90' lang='lat' dir='ltr'><strong>per</strong></span> <span class='ocrx_word' id='word_1_163' title='bbox 1110 2295 1175 2354; x_wconf 86' lang='lat' dir='ltr'><strong>dies</strong></span> <span class='ocrx_word' id='word_1_164' title='bbox 1193 2304 1224 2354; x_wconf 86' lang='lat' dir='ltr'><strong>et</strong></span> 
     </span>
     <span class='ocr_line' id='line_1_21' title="bbox 96 2390 1224 2478; baseline -0.003 -23"><span class='ocrx_word' id='word_1_165' title='bbox 96 2419 153 2478; x_wconf 89' lang='lat' dir='ltr'><strong>per</strong></span> <span class='ocrx_word' id='word_1_166' title='bbox 178 2406 283 2455; x_wconf 90' lang='lat' dir='ltr'><strong>noctes</strong></span> <span class='ocrx_word' id='word_1_167' title='bbox 310 2393 523 2472; x_wconf 80' lang='lat' dir='ltr'><strong>insequuntur.</strong></span> <span class='ocrx_word' id='word_1_168' title='bbox 560 2397 680 2454; x_wconf 80' lang='lat' dir='ltr'><strong>Erasm.</strong></span> <span class='ocrx_word' id='word_1_169' title='bbox 722 2390 879 2472; x_wconf 86' lang='lat' dir='ltr'><strong>Quoniam</strong></span> <span class='ocrx_word' id='word_1_170' title='bbox 905 2412 976 2472; x_wconf 87' lang='lat' dir='ltr'><strong>ergo</strong></span> <span class='ocrx_word' id='word_1_171' title='bbox 1007 2393 1148 2453; x_wconf 89' lang='lat' dir='ltr'><strong>mirabile</strong></span> <span class='ocrx_word' id='word_1_172' title='bbox 1180 2395 1224 2452; x_wconf 81' lang='lat' dir='ltr'><strong>e&#39;st</strong></span> 
     </span>
     <span class='ocr_line' id='line_1_22' title="bbox 97 2492 1225 2574; baseline -0.004 -18"><span class='ocrx_word' id='word_1_173' title='bbox 97 2498 172 2556; x_wconf 88' lang='lat' dir='ltr'><strong>adeo</strong></span> <span class='ocrx_word' id='word_1_174' title='bbox 191 2493 370 2574; x_wconf 80' lang='lat' dir='ltr'><strong>hujusmodi</strong></span> <span class='ocrx_word' id='word_1_175' title='bbox 391 2492 552 2553; x_wconf 88' lang='lat' dir='ltr'><strong>hominum</strong></span> <span class='ocrx_word' id='word_1_176' title='bbox 573 2513 687 2573; x_wconf 88' lang='lat' dir='ltr'><strong>genus,</strong></span> <span class='ocrx_word' id='word_1_177' title='bbox 721 2493 797 2554; x_wconf 89' lang='lat' dir='ltr'><strong>libet</strong></span> <span class='ocrx_word' id='word_1_178' title='bbox 825 2492 910 2552; x_wconf 85' lang='lat' dir='ltr'><strong>adire</strong></span> <span class='ocrx_word' id='word_1_179' title='bbox 931 2492 1076 2572; x_wconf 84' lang='lat' dir='ltr'><strong>propius,</strong></span> <span class='ocrx_word' id='word_1_180' title='bbox 1110 2504 1146 2552; x_wconf 90' lang='lat' dir='ltr'><strong>ut</strong></span> <span class='ocrx_word' id='word_1_181' title='bbox 1165 2493 1225 2552; x_wconf 89' lang='lat' dir='ltr'><strong>ali·</strong></span> 
     </span>
     <span class='ocr_line' id='line_1_23' title="bbox 97 2590 1225 2677; baseline -0.004 -21"><span class='ocrx_word' id='word_1_182' title='bbox 97 2595 219 2677; x_wconf 85' lang='lat' dir='ltr'><strong>quando</strong></span> <span class='ocrx_word' id='word_1_183' title='bbox 240 2593 408 2654; x_wconf 87' lang='lat' dir='ltr'><strong>eorundem</strong></span> <span class='ocrx_word' id='word_1_184' title='bbox 430 2613 531 2654; x_wconf 86' lang='lat' dir='ltr'><strong>mores</strong></span> <span class='ocrx_word' id='word_1_185' title='bbox 557 2603 588 2654; x_wconf 87' lang='lat' dir='ltr'><strong>et</strong></span> <span class='ocrx_word' id='word_1_186' title='bbox 608 2590 735 2654; x_wconf 86' lang='lat' dir='ltr'><strong>vivendi</strong></span> <span class='ocrx_word' id='word_1_187' title='bbox 756 2591 850 2652; x_wconf 86' lang='lat' dir='ltr'><strong>ritum</strong></span> <span class='ocrx_word' id='word_1_188' title='bbox 869 2609 1060 2670; x_wconf 56' lang='lat' dir='ltr'><strong>‘cognoscam</strong></span> <span class='ocrx_word' id='word_1_189' title='bbox 1110 2593 1225 2656; x_wconf 83' lang='lat' dir='ltr'><strong>Proin-¹</strong></span> 
     </span>
     <span class='ocr_line' id='line_1_24' title="bbox 99 2689 1225 2771; baseline -0.004 -15"><span class='ocrx_word' id='word_1_190' title='bbox 99 2697 152 2771; x_wconf 86' lang='lat' dir='ltr'><strong>de,</strong></span> <span class='ocrx_word' id='word_1_191' title='bbox 179 2695 224 2754; x_wconf 87' lang='lat' dir='ltr'><strong>mi</strong></span> <span class='ocrx_word' id='word_1_192' title='bbox 245 2692 420 2769; x_wconf 74' lang='lat' dir='ltr'><strong>Reuchlin3</strong></span> <span class='ocrx_word' id='word_1_193' title='bbox 448 2693 475 2751; x_wconf 87' lang='lat' dir='ltr'><strong>si</strong></span> <span class='ocrx_word' id='word_1_194' title='bbox 496 2694 587 2751; x_wconf 90' lang='lat' dir='ltr'><strong>modo</strong></span> <span class='ocrx_word' id='word_1_195' title='bbox 606 2692 666 2752; x_wconf 89' lang='lat' dir='ltr'><strong>hoc</strong></span> <span class='ocrx_word' id='word_1_196' title='bbox 686 2689 744 2751; x_wconf 89' lang='lat' dir='ltr'><strong>tibi</strong></span> <span class='ocrx_word' id='word_1_197' title='bbox 764 2711 828 2750; x_wconf 92' lang='lat' dir='ltr'><strong>non</strong></span> <span class='ocrx_word' id='word_1_198' title='bbox 843 2697 889 2748; x_wconf 82' lang='lat' dir='ltr'><strong>e&#39;st</strong></span> <span class='ocrx_word' id='word_1_199' title='bbox 908 2701 1089 2763; x_wconf 86' lang='lat' dir='ltr'><strong>onerosum,</strong></span> <span class='ocrx_word' id='word_1_200' title='bbox 1117 2689 1225 2751; x_wconf 86' lang='lat' dir='ltr'><strong>videa·-</strong></span> 
     </span>
     <span class='ocr_line' id='line_1_25' title="bbox 99 2789 1225 2874; baseline -0.004 -19"><span class='ocrx_word' id='word_1_201' title='bbox 99 2813 176 2870; x_wconf 86' lang='lat' dir='ltr'><strong>mus‚</strong></span> <span class='ocrx_word' id='word_1_202' title='bbox 205 2793 280 2874; x_wconf 87' lang='lat' dir='ltr'><strong>quid</strong></span> <span class='ocrx_word' id='word_1_203' title='bbox 295 2803 389 2874; x_wconf 86' lang='lat' dir='ltr'><strong>agant</strong></span> <span class='ocrx_word' id='word_1_204' title='bbox 413 2792 447 2852; x_wconf 89' lang='lat' dir='ltr'><strong>id</strong></span> <span class='ocrx_word' id='word_1_205' title='bbox 467 2813 562 2872; x_wconf 86' lang='lat' dir='ltr'><strong>genus</strong></span> <span class='ocrx_word' id='word_1_206' title='bbox 585 2790 758 2872; x_wconf 79' lang='lat' dir='ltr'><strong>sophistae.</strong></span> <span class='ocrx_word' id='word_1_207' title='bbox 800 2789 938 2850; x_wconf 71' lang='lat' dir='ltr'><strong>Reuehl.</strong></span> <span class='ocrx_word' id='word_1_208' title='bbox 974 2790 1093 2867; x_wconf 78' lang='lat' dir='ltr'><strong>Placet3</strong></span> <span class='ocrx_word' id='word_1_209' title='bbox 1112 2809 1225 2850; x_wconf 85' lang='lat' dir='ltr'><strong>eamus.</strong></span> 
     </span>
     <span class='ocr_line' id='line_1_26' title="bbox 99 2888 1309 2978; baseline -0.005 -22"><span class='ocrx_word' id='word_1_210' title='bbox 99 2897 221 2956; x_wconf 79' lang='lat' dir='ltr'><strong>Erasns&#39;.</strong></span> <span class='ocrx_word' id='word_1_211' title='bbox 242 2893 303 2953; x_wconf 89' lang='lat' dir='ltr'><strong>Sed</strong></span> <span class='ocrx_word' id='word_1_212' title='bbox 324 2892 503 2978; x_wconf 85' lang='lat' dir='ltr'><strong>priusquam</strong></span> <span class='ocrx_word' id='word_1_213' title='bbox 527 2904 630 2952; x_wconf 85' lang='lat' dir='ltr'><strong>eamus</strong></span> <span class='ocrx_word' id='word_1_214' title='bbox 650 2891 737 2965; x_wconf 84' lang='lat' dir='ltr'><strong>illuc,</strong></span> <span class='ocrx_word' id='word_1_215' title='bbox 756 2909 924 2972; x_wconf 85' lang='lat' dir='ltr'><strong>parumper</strong></span> <span class='ocrx_word' id='word_1_216' title='bbox 944 2909 994 2948; x_wconf 89' lang='lat' dir='ltr'><strong>me</strong></span> <span class='ocrx_word' id='word_1_217' title='bbox 1017 2889 1134 2963; x_wconf 85' lang='lat' dir='ltr'><strong>doceas,</strong></span> <span class='ocrx_word' id='word_1_218' title='bbox 1155 2890 1225 2969; x_wconf 88' lang='lat' dir='ltr'><strong>qui·</strong></span> <span class='ocrx_word' id='word_1_219' title='bbox 1303 2888 1309 2901; x_wconf 74' lang='lat'><em>⁰</em></span> 
     </span>
     <span class='ocr_line' id='line_1_27' title="bbox 99 2979 1225 3074; baseline -0.004 -19"><span class='ocrx_word' id='word_1_220' title='bbox 99 2995 156 3055; x_wconf 88' lang='lat' dir='ltr'><strong>bus</strong></span> <span class='ocrx_word' id='word_1_221' title='bbox 178 3013 234 3074; x_wconf 87' lang='lat' dir='ltr'><strong>ego</strong></span> <span class='ocrx_word' id='word_1_222' title='bbox 264 2991 367 3054; x_wconf 85' lang='lat' dir='ltr'><strong>verbis</strong></span> <span class='ocrx_word' id='word_1_223' title='bbox 395 2992 516 3055; x_wconf 83' lang='lat' dir='ltr'><strong>eosdem</strong></span> <span class='ocrx_word' id='word_1_224' title='bbox 538 2992 597 3054; x_wconf 88' lang='lat' dir='ltr'><strong>sim</strong></span> <span class='ocrx_word' id='word_1_225' title='bbox 618 2991 821 3064; x_wconf 82' lang='lat' dir='ltr'><strong>salutaturus,</strong></span> <span class='ocrx_word' id='word_1_226' title='bbox 856 2997 909 3049; x_wconf 90' lang='lat' dir='ltr'><strong>aut</strong></span> <span class='ocrx_word' id='word_1_227' title='bbox 927 3010 989 3069; x_wconf 90' lang='lat' dir='ltr'><strong>quo</strong></span> <span class='ocrx_word' id='word_1_228' title='bbox 1010 2979 1225 3068; x_wconf 75' lang='lat' dir='ltr'><strong>alioquuturus</strong></span> 
     </span>
    </p>

    <p class='ocr_par' dir='ltr' id='par_1_3' title="bbox 101 3075 1226 3172">
     <span class='ocr_line' id='line_1_28' title="bbox 101 3075 1226 3172; baseline -0.007 -18"><span class='ocrx_word' id='word_1_229' title='bbox 101 3112 249 3154; x_wconf 85' lang='lat' dir='ltr'><strong>sermone.</strong></span> <span class='ocrx_word' id='word_1_230' title='bbox 268 3092 399 3155; x_wconf 60' lang='lat' dir='ltr'><strong>Reiecit.</strong></span> <span class='ocrx_word' id='word_1_231' title='bbox 426 3088 549 3156; x_wconf 87' lang='lat' dir='ltr'><strong>Volunt</strong></span> <span class='ocrx_word' id='word_1_232' title='bbox 565 3091 600 3152; x_wconf 90' lang='lat' dir='ltr'><strong>in</strong></span> <span class='ocrx_word' id='word_1_233' title='bbox 620 3091 730 3172; x_wconf 89' lang='lat' dir='ltr'><strong>primis</strong></span> <span class='ocrx_word' id='word_1_234' title='bbox 749 3111 781 3150; x_wconf 89' lang='lat' dir='ltr'><strong>se</strong></span> <span class='ocrx_word' id='word_1_235' title='bbox 799 3091 960 3168; x_wconf 81' lang='lat' dir='ltr'><strong>Magister</strong></span> <span class='ocrx_word' id='word_1_236' title='bbox 970 3102 1074 3148; x_wconf 81' lang='lat' dir='ltr'><strong>noster</strong></span> <span class='ocrx_word' id='word_1_237' title='bbox 1087 3075 1226 3170; x_wconf 85' lang='lat' dir='ltr'><strong>appella-</strong></span> 
     </span>
    </p>

    <p class='ocr_par' dir='ltr' id='par_1_4' title="bbox 102 3187 1228 3272">
     <span class='ocr_line' id='line_1_29' title="bbox 102 3187 1228 3272; baseline -0.004 -18"><span class='ocrx_word' id='word_1_238' title='bbox 102 3194 139 3254; x_wconf 88' lang='lat' dir='ltr'><strong>ri.</strong></span> <span class='ocrx_word' id='word_1_239' title='bbox 155 3195 277 3256; x_wconf 84' lang='lat' dir='ltr'><strong>Erasm.</strong></span> <span class='ocrx_word' id='word_1_240' title='bbox 297 3193 400 3270; x_wconf 89' lang='lat' dir='ltr'><strong>Quid,</strong></span> <span class='ocrx_word' id='word_1_241' title='bbox 419 3191 448 3250; x_wconf 86' lang='lat' dir='ltr'><strong>si</strong></span> <span class='ocrx_word' id='word_1_242' title='bbox 466 3193 500 3252; x_wconf 92' lang='lat' dir='ltr'><strong>id</strong></span> <span class='ocrx_word' id='word_1_243' title='bbox 521 3211 577 3272; x_wconf 90' lang='lat' dir='ltr'><strong>ego</strong></span> <span class='ocrx_word' id='word_1_244' title='bbox 597 3211 660 3252; x_wconf 86' lang='lat' dir='ltr'><strong>nou</strong></span> <span class='ocrx_word' id='word_1_245' title='bbox 684 3190 801 3250; x_wconf 86' lang='lat' dir='ltr'><strong>dixero.</strong></span> <span class='ocrx_word' id='word_1_246' title='bbox 823 3188 955 3254; x_wconf 79' lang='lat' dir='ltr'><strong>Reuchl.</strong></span> <span class='ocrx_word' id='word_1_247' title='bbox 986 3187 1176 3262; x_wconf 78' lang='lat' dir='ltr'><strong>Irascuntur,</strong></span> <span class='ocrx_word' id='word_1_248' title='bbox 1196 3193 1228 3250; x_wconf 76' lang='lat' dir='ltr'><strong>et</strong></span> 
     </span>
    </p>

    <p class='ocr_par' dir='ltr' id='par_1_5' title="bbox 103 3273 1227 3372">
     <span class='ocr_line' id='line_1_30' title="bbox 103 3273 1227 3372; baseline -0.008 -20"><span class='ocrx_word' id='word_1_249' title='bbox 103 3291 256 3372; x_wconf 86' lang='lat' dir='ltr'><strong>colloquio</strong></span> <span class='ocrx_word' id='word_1_250' title='bbox 276 3311 331 3350; x_wconf 90' lang='lat' dir='ltr'><strong>suo</strong></span> <span class='ocrx_word' id='word_1_251' title='bbox 354 3279 515 3370; x_wconf 87' lang='lat' dir='ltr'><strong>indignum</strong></span> <span class='ocrx_word' id='word_1_252' title='bbox 534 3302 566 3354; x_wconf 90' lang='lat' dir='ltr'><strong>te</strong></span> <span class='ocrx_word' id='word_1_253' title='bbox 584 3291 772 3372; x_wconf 85' lang='lat' dir='ltr'><strong>judicabunt.</strong></span> <span class='ocrx_word' id='word_1_254' title='bbox 803 3290 925 3348; x_wconf 82' lang='lat' dir='ltr'><strong>Erasm.</strong></span> <span class='ocrx_word' id='word_1_255' title='bbox 961 3273 1095 3354; x_wconf 22' lang='lat' dir='ltr'><strong>Nomen*¹</strong></span> <span class='ocrx_word' id='word_1_256' title='bbox 1111 3295 1146 3346; x_wconf 93' lang='lat' dir='ltr'><strong>ut</strong></span> <span class='ocrx_word' id='word_1_257' title='bbox 1174 3304 1227 3344; x_wconf 81' lang='lat' dir='ltr'><strong>re-</strong></span> 
     </span>
    </p>

    <p class='ocr_par' dir='ltr' id='par_1_6' title="bbox 103 3383 1226 3472">
     <span class='ocr_line' id='line_1_31' title="bbox 103 3383 1226 3472; baseline -0.011 -20"><span class='ocrx_word' id='word_1_258' title='bbox 103 3391 255 3452; x_wconf 86' lang='lat' dir='ltr'><strong>miniscar.</strong></span> <span class='ocrx_word' id='word_1_259' title='bbox 285 3391 416 3451; x_wconf 71' lang='lat' dir='ltr'><strong>aeaeae.</strong></span> <span class='ocrx_word' id='word_1_260' title='bbox 454 3393 613 3454; x_wconf 87' lang='lat' dir='ltr'><strong>Vocantur</strong></span> <span class='ocrx_word' id='word_1_261' title='bbox 632 3390 780 3472; x_wconf 83' lang='lat' dir='ltr'><strong>Magister</strong></span> <span class='ocrx_word' id='word_1_262' title='bbox 799 3397 903 3448; x_wconf 86' lang='lat' dir='ltr'><strong>noster</strong></span> <span class='ocrx_word' id='word_1_263' title='bbox 926 3386 1081 3444; x_wconf 81' lang='lat' dir='ltr'><strong>Ortuinus</strong></span> <span class='ocrx_word' id='word_1_264' title='bbox 1101 3383 1139 3440; x_wconf 82' lang='lat' dir='ltr'><strong>de</strong></span> <span class='ocrx_word' id='word_1_265' title='bbox 1152 3384 1226 3442; x_wconf 82' lang='lat' dir='ltr'><strong>Da·-</strong></span> 
     </span>
    </p>

    <p class='ocr_par' dir='ltr' id='par_1_7' title="bbox 104 3481 1227 3570">
     <span class='ocr_line' id='line_1_32' title="bbox 104 3481 1227 3570; baseline -0.011 -18"><span class='ocrx_word' id='word_1_266' title='bbox 104 3493 242 3562; x_wconf 66' lang='lat' dir='ltr'><strong>aenaria,</strong></span> <span class='ocrx_word' id='word_1_267' title='bbox 284 3488 430 3567; x_wconf 86' lang='lat' dir='ltr'><strong>Magister</strong></span> <span class='ocrx_word' id='word_1_268' title='bbox 448 3500 552 3551; x_wconf 88' lang='lat' dir='ltr'><strong>noster</strong></span> <span class='ocrx_word' id='word_1_269' title='bbox 571 3489 734 3570; x_wconf 73' lang='lat' dir='ltr'><strong>liupoldus</strong></span> <span class='ocrx_word' id='word_1_270' title='bbox 756 3499 786 3548; x_wconf 89' lang='lat' dir='ltr'><strong>et</strong></span> <span class='ocrx_word' id='word_1_271' title='bbox 806 3487 952 3566; x_wconf 80' lang='lat' dir='ltr'><strong>Magister</strong></span> <span class='ocrx_word' id='word_1_272' title='bbox 971 3493 1075 3560; x_wconf 84' lang='lat' dir='ltr'><strong>noster</strong></span> <span class='ocrx_word' id='word_1_273' title='bbox 1095 3481 1227 3562; x_wconf 84' lang='lat' dir='ltr'><strong>Giugol-</strong></span> 
     </span>
    </p>

    <p class='ocr_par' dir='ltr' id='par_1_8' title="bbox 104 3583 1229 3671">
     <span class='ocr_line' id='line_1_33' title="bbox 104 3583 1229 3671; baseline -0.007 -21"><span class='ocrx_word' id='word_1_274' title='bbox 104 3591 192 3671; x_wconf 87' lang='lat' dir='ltr'><strong>phus.</strong></span> <span class='ocrx_word' id='word_1_275' title='bbox 212 3591 332 3650; x_wconf 81' lang='lat' dir='ltr'><strong>Erasm.</strong></span> <span class='ocrx_word' id='word_1_276' title='bbox 349 3589 486 3665; x_wconf 81' lang='lat' dir='ltr'><strong>salvete,</strong></span> <span class='ocrx_word' id='word_1_277' title='bbox 507 3589 654 3671; x_wconf 85' lang='lat' dir='ltr'><strong>Magister</strong></span> <span class='ocrx_word' id='word_1_278' title='bbox 674 3597 779 3650; x_wconf 81' lang='lat' dir='ltr'><strong>noster</strong></span> <span class='ocrx_word' id='word_1_279' title='bbox 791 3585 934 3658; x_wconf 86' lang='lat' dir='ltr'><strong>Ortuiue,</strong></span> <span class='ocrx_word' id='word_1_280' title='bbox 956 3583 1103 3664; x_wconf 85' lang='lat' dir='ltr'><strong>Magister</strong></span> <span class='ocrx_word' id='word_1_281' title='bbox 1123 3592 1229 3642; x_wconf 86' lang='lat' dir='ltr'><strong>noster</strong></span> 
     </span>
    </p>

    <p class='ocr_par' dir='ltr' id='par_1_9' title="bbox 104 3682 1229 3772">
     <span class='ocr_line' id='line_1_34' title="bbox 104 3682 1229 3772; baseline -0.01 -21"><span class='ocrx_word' id='word_1_282' title='bbox 104 3689 265 3770; x_wconf 88' lang='lat' dir='ltr'><strong>Lupolde,</strong></span> <span class='ocrx_word' id='word_1_283' title='bbox 285 3688 432 3770; x_wconf 83' lang='lat' dir='ltr'><strong>Magister</strong></span> <span class='ocrx_word' id='word_1_284' title='bbox 450 3699 554 3772; x_wconf 86' lang='lat' dir='ltr'><strong>noster</strong></span> <span class='ocrx_word' id='word_1_285' title='bbox 568 3689 753 3772; x_wconf 89' lang='lat' dir='ltr'><strong>Giugolphe.</strong></span> <span class='ocrx_word' id='word_1_286' title='bbox 799 3689 891 3766; x_wconf 75' lang='lat' dir='ltr'><strong>arag.</strong></span> <span class='ocrx_word' id='word_1_287' title='bbox 906 3682 973 3744; x_wconf 83' lang='lat' dir='ltr'><strong>Ort.</strong></span> <span class='ocrx_word' id='word_1_288' title='bbox 1015 3684 1083 3758; x_wconf 83' lang='lat' dir='ltr'><strong>He,</strong></span> <span class='ocrx_word' id='word_1_289' title='bbox 1112 3683 1229 3746; x_wconf 80' lang='lat' dir='ltr'><strong>salvete</strong></span> 
     </span>
    </p>

    <p class='ocr_par' dir='ltr' id='par_1_10' title="bbox 103 3783 1246 3970">
     <span class='ocr_line' id='line_1_35' title="bbox 103 3783 1246 3868; baseline -0.01 -17"><span class='ocrx_word' id='word_1_290' title='bbox 103 3790 191 3851; x_wconf 83' lang='lat' dir='ltr'><strong>vere!</strong></span> <span class='ocrx_word' id='word_1_291' title='bbox 235 3789 422 3868; x_wconf 58' lang='lat' dir='ltr'><strong>Magmap.</strong></span> <span class='ocrx_word' id='word_1_292' title='bbox 463 3789 547 3851; x_wconf 86' lang='lat' dir='ltr'><strong>Vere</strong></span> <span class='ocrx_word' id='word_1_293' title='bbox 565 3789 648 3850; x_wconf 86' lang='lat' dir='ltr'><strong>bona</strong></span> <span class='ocrx_word' id='word_1_294' title='bbox 667 3787 731 3848; x_wconf 87' lang='lat' dir='ltr'><strong>dies</strong></span> <span class='ocrx_word' id='word_1_295' title='bbox 751 3787 857 3850; x_wconf 80' lang='lat' dir='ltr'><strong>vobis!</strong></span> <span class='ocrx_word' id='word_1_296' title='bbox 899 3787 990 3865; x_wconf 80' lang='lat' dir='ltr'><strong>Mag.</strong></span> <span class='ocrx_word' id='word_1_297' title='bbox 1007 3785 1100 3862; x_wconf 82' lang='lat' dir='ltr'><strong>Giug.</strong></span> <span class='ocrx_word' id='word_1_298' title='bbox 1140 3783 1246 3855; x_wconf 16' lang='lat' dir='ltr'><strong>Bona*</strong></span> 
     </span>
     <span class='ocr_line' id='line_1_36' title="bbox 104 3883 1228 3970; baseline -0.004 -23"><span class='ocrx_word' id='word_1_299' title='bbox 104 3889 200 3963; x_wconf 85' lang='lat' dir='ltr'><strong>salas,</strong></span> <span class='ocrx_word' id='word_1_300' title='bbox 219 3889 301 3949; x_wconf 86' lang='lat' dir='ltr'><strong>bona</strong></span> <span class='ocrx_word' id='word_1_301' title='bbox 323 3889 420 3949; x_wconf 83' lang='lat' dir='ltr'><strong>salus!</strong></span> <span class='ocrx_word' id='word_1_302' title='bbox 440 3889 615 3970; x_wconf 65' lang='lat' dir='ltr'><strong>Magon.</strong></span> <span class='ocrx_word' id='word_1_303' title='bbox 634 3890 693 3948; x_wconf 89' lang='lat' dir='ltr'><strong>De·</strong></span> <span class='ocrx_word' id='word_1_304' title='bbox 706 3886 761 3948; x_wconf 91' lang='lat' dir='ltr'><strong>ubi</strong></span> <span class='ocrx_word' id='word_1_305' title='bbox 779 3883 894 3949; x_wconf 77' lang='lat' dir='ltr'><strong>ienitis</strong></span> <span class='ocrx_word' id='word_1_306' title='bbox 914 3904 970 3946; x_wconf 87' lang='lat' dir='ltr'><strong>vos</strong></span> <span class='ocrx_word' id='word_1_307' title='bbox 992 3883 1078 3944; x_wconf 73' lang='lat' dir='ltr'><strong>duo?</strong></span> <span class='ocrx_word' id='word_1_308' title='bbox 1096 3883 1228 3942; x_wconf 72' lang='lat' dir='ltr'><strong>&#39;Erum</strong></span> 
     </span>
    </p>

    <p class='ocr_par' dir='ltr' id='par_1_11' title="bbox 104 3961 1274 4384">
     <span class='ocr_line' id='line_1_37' title="bbox 104 3961 1252 4072; baseline -0.009 -24"><span class='ocrx_word' id='word_1_309' title='bbox 104 3989 211 4048; x_wconf 87' lang='lat' dir='ltr'><strong>Roma.</strong></span> <span class='ocrx_word' id='word_1_310' title='bbox 247 3991 338 4072; x_wconf 84' lang='lat' dir='ltr'><strong>Mag.</strong></span> <span class='ocrx_word' id='word_1_311' title='bbox 358 3990 442 4065; x_wconf 80' lang='lat' dir='ltr'><strong>Lup.</strong></span> <span class='ocrx_word' id='word_1_312' title='bbox 496 3991 536 4050; x_wconf 86' lang='lat' dir='ltr'><strong>Et</strong></span> <span class='ocrx_word' id='word_1_313' title='bbox 555 3990 593 4051; x_wconf 92' lang='lat' dir='ltr'><strong>de</strong></span> <span class='ocrx_word' id='word_1_314' title='bbox 613 3987 687 4068; x_wconf 90' lang='lat' dir='ltr'><strong>quid</strong></span> <span class='ocrx_word' id='word_1_315' title='bbox 707 3984 875 4047; x_wconf 80' lang='lat' dir='ltr'><strong>faciendo?</strong></span> <span class='ocrx_word' id='word_1_316' title='bbox 914 3983 1044 4048; x_wconf 78' lang='lat' dir='ltr'><strong>Reuohd.</strong></span> <span class='ocrx_word' id='word_1_317' title='bbox 1077 3982 1156 4046; x_wconf 80' lang='lat' dir='ltr'><strong>Illac</strong></span> <span class='ocrx_word' id='word_1_318' title='bbox 1181 3961 1252 4050; x_wconf 55' lang='lat' dir='ltr'><strong>ia·</strong></span> 
     </span>
     <span class='ocr_line' id='line_1_38' title="bbox 104 4069 1274 4174; baseline -0.008 -26"><span class='ocrx_word' id='word_1_319' title='bbox 104 4107 207 4148; x_wconf 89' lang='lat' dir='ltr'><strong>ramus</strong></span> <span class='ocrx_word' id='word_1_320' title='bbox 226 4086 354 4174; x_wconf 84' lang='lat' dir='ltr'><strong>videndi</strong></span> <span class='ocrx_word' id='word_1_321' title='bbox 374 4085 532 4152; x_wconf 84' lang='lat' dir='ltr'><strong>Pontificis</strong></span> <span class='ocrx_word' id='word_1_322' title='bbox 552 4089 657 4170; x_wconf 85' lang='lat' dir='ltr'><strong>gratia.</strong></span> <span class='ocrx_word' id='word_1_323' title='bbox 703 4089 796 4166; x_wconf 84' lang='lat' dir='ltr'><strong>Mag.</strong></span> <span class='ocrx_word' id='word_1_324' title='bbox 815 4069 910 4165; x_wconf 75' lang='lat' dir='ltr'><strong>Ging.</strong></span> <span class='ocrx_word' id='word_1_325' title='bbox 952 4085 1014 4146; x_wconf 89' lang='lat' dir='ltr'><strong>Pro</strong></span> <span class='ocrx_word' id='word_1_326' title='bbox 1030 4103 1091 4163; x_wconf 88' lang='lat' dir='ltr'><strong>quo</strong></span> <span class='ocrx_word' id='word_1_327' title='bbox 1111 4079 1231 4142; x_wconf 85' lang='lat' dir='ltr'><strong>facien·</strong></span> <span class='ocrx_word' id='word_1_328' title='bbox 1271 4139 1274 4148; x_wconf 21' lang='grc' dir='ltr'><strong><em>Δ</em></strong></span> 
     </span>
     <span class='ocr_line' id='line_1_39' title="bbox 104 4166 1231 4270; baseline -0.005 -25"><span class='ocrx_word' id='word_1_329' title='bbox 104 4186 144 4246; x_wconf 90' lang='lat' dir='ltr'><strong>do</strong></span> <span class='ocrx_word' id='word_1_330' title='bbox 163 4187 313 4249; x_wconf 83' lang='lat' dir='ltr'><strong>volebatis</strong></span> <span class='ocrx_word' id='word_1_331' title='bbox 340 4187 449 4250; x_wconf 79' lang='lat' dir='ltr'><strong>videre</strong></span> <span class='ocrx_word' id='word_1_332' title='bbox 469 4185 608 4270; x_wconf 74' lang='lat' dir='ltr'><strong>Papam?</strong></span> <span class='ocrx_word' id='word_1_333' title='bbox 644 4188 773 4248; x_wconf 72' lang='lat' dir='ltr'><strong>&#39;Erusua</strong></span> <span class='ocrx_word' id='word_1_334' title='bbox 810 4166 1015 4258; x_wconf 76' lang='lat' dir='ltr'><strong>Volebamus,</strong></span> <span class='ocrx_word' id='word_1_335' title='bbox 1050 4192 1086 4244; x_wconf 91' lang='lat' dir='ltr'><strong>ut</strong></span> <span class='ocrx_word' id='word_1_336' title='bbox 1114 4180 1231 4242; x_wconf 83' lang='lat' dir='ltr'><strong>faceret</strong></span> 
     </span>
     <span class='ocr_line' id='line_1_40' title="bbox 104 4273 1230 4384; baseline 0.004 -36"><span class='ocrx_word' id='word_1_337' title='bbox 104 4286 192 4354; x_wconf 88' lang='lat' dir='ltr'><strong>nobis</strong></span> <span class='ocrx_word' id='word_1_338' title='bbox 212 4297 393 4370; x_wconf 86' lang='lat' dir='ltr'><strong>potestatem</strong></span> <span class='ocrx_word' id='word_1_339' title='bbox 412 4289 683 4384; x_wconf 30' lang='lat' dir='ltr'><strong>&#39;corrigendorum</strong></span> <span class='ocrx_word' id='word_1_340' title='bbox 705 4305 783 4375; x_wconf 83' lang='lat' dir='ltr'><strong>quae</strong></span> <span class='ocrx_word' id='word_1_341' title='bbox 803 4285 838 4350; x_wconf 90' lang='lat' dir='ltr'><strong>iu</strong></span> <span class='ocrx_word' id='word_1_342' title='bbox 858 4273 967 4352; x_wconf 78' lang='lat' dir='ltr'><strong>Bibliis</strong></span> <span class='ocrx_word' id='word_1_343' title='bbox 989 4281 1100 4368; x_wconf 76' lang='lat' dir='ltr'><strong>passim</strong></span> <span class='ocrx_word' id='word_1_344' title='bbox 1121 4281 1230 4365; x_wconf 66' lang='lat' dir='ltr'><strong>legun·</strong></span> 
     </span>
    </p>
   </div>
   <div class='ocr_carea' id='block_1_3' title="bbox 0 0 1465 4724">
    <p class='ocr_par' dir='ltr' id='par_1_12' title="bbox 0 0 1465 4724">
     <span class='ocr_line' id='line_1_41' title="bbox 0 0 1465 4724; baseline 0 0"><span class='ocrx_word' id='word_1_345' title='bbox 0 0 1465 4724; x_wconf 95' lang='lat' dir='ltr'><strong> </strong></span> 
     </span>
    </p>
   </div>
  </div>
 </body>
</html>
