2866 4724
382 307 663 402 cascesa
706 265 930 418 eracu:
992 304 1001 336 .
1157 308 1290 416 aar.

97 472 248 529 (busector
271 469 493 548 Pugnantisss,
531 469 724 544 superiecere
752 477 783 526 et
811 455 1001 547 insectemur,
1018 466 1223 527 Facultatum

94 569 245 628 hacteuus
257 554 533 647 Studiosusfutus
550 567 641 627 uelde
659 565 811 646 diligens,
838 569 973 626 Domine
991 567 1228 652 Cornelie,·Me-¹

134 689 214 739 roso,
233 669 351 747 vulgus
360 666 547 746 Sauertcpffi
568 669 687 724 artium
700 669 838 730 onmium
846 668 995 744 voragini
1008 665 1179 725 insultasses
1204 658 1207 664 *
1270 677 1272 682 ’

370 765 516 838 libando,
533 765 722 842 ,gratuletur
736 764 848 824 bouum
865 765 954 824 diem.
1017 797 1022 814 ι

176 865 326 926 Nondum
344 867 509 932 scriberem
527 864 566 922 ad
585 874 638 938 te,
656 866 682 924 si
697 885 760 924 non
782 865 942 923 necessitas
957 863 1103 952 altissima
1118 871 1168 948 me
1184 848 1240 926 ad.

99 963 239 1023 cbartam
261 973 400 1044 raperet,
433 961 690 1066 quemadmodum
707 963 840 1042 Angelus
861 963 936 1023 clim
957 985 1014 1044 pre
1033 940 1223 1043 temporibus

97 1063 285 1143 Prophetam
300 1063 495 1123 Habaeucem
515 1063 600 1141 apud
622 1062 721 1122 onnes
741 1061 894 1142 capiebat,
930 1071 961 1122 et
986 1063 1117 1122 illum
1104 1083 1138 1122 m
1158 1063 1224 1122 fes·-

97 1181 160 1242 eam
189 1163 230 1221 ad
258 1163 419 1222 Danielem
447 1161 583 1220 ducebat.
643 1161 722 1222 Nam
737 1164 910 1242 'postquam
931 1161 1011 1223 redii
1036 1161 1070 1221 iu
1092 1159 1224 1228 Parnas-

97 1281 183 1334 sum,
204 1261 313 1324 inveni
332 1261 442 1333 ill-um,
473 1255 554 1338 qued
575 1259 610 1319 in
630 1261 772 1320 omnibus
793 1272 927 1328 ulutatus
950 1273 1002 1320 est.
1064 1261 1137 1322 Tibi
1157 1281 1223 1323 nen

100 1368 145 1418 est
164 1359 301 1433 nescim,
327 1359 481 1439 quomedo
504 1359 666 1420 studentes
688 1360 764 1419 olim
786 1360 947 1434 fecerunt,
982 1369 1013 1420 et
1033 1371 1124 1439 quam
1144 1361 1223 1421 bene

99 1469 129 1516 et
149 1457 292 1518 hilariter
318 1450 488 1539 potuerunt
510 1457 634 1530 vivere,
676 1445 707 1518 et
734 1459 768 1518 in
797 1455 973 1518 studiosae
993 1459 1225 1540 itapetuerunt
1265 1535 1266 1544 ἵ

98 1577 274 1631 assumere,
296 1568 330 1617 ut
349 1557 431 1618 nibil
451 1567 546 1638 supra
564 1556 633 1622 fuit.
687 1559 748 1617 Sed
765 1557 828 1638 jam
847 1579 912 1618 non
932 1541 1091 1640 magisest
1111 1559 1171 1634 sie,
1193 1570 1233 1621 etv

98 1656 376 1717 miserabilissimus
398 1667 443 1716 est
461 1665 556 1716 status
580 1675 650 1715 eum
670 1657 758 1718 benis
781 1658 989 1718 studentibus.
1041 1659 1223 1721 Petebamus

99 1775 157 1814 uos
190 1775 285 1835 prate
316 1765 460 1816 exercere
483 1755 517 1814 in
543 1745 675 1814 bibendo
706 1767 737 1816 et
765 1757 1005 1832 scbmausando,
1050 1767 1081 1817 et
1101 1760 1224 1844 quaudo

100 1873 164 1914 uon
183 1855 256 1928 ibat,
278 1855 356 1915 sicut
376 1875 431 1918 nos
450 1837 647 1924 volebamus,
667 1855 760 1914 dense
777 1877 832 1916 nos
852 1851 1104 1933 verberabamus5
1133 1868 1164 1918 et
1184 1879 1225 1919 ex

99 1953 159 2013 boe
187 1953 335 2014 babemus
364 1953 449 2014 huuc
476 1953 645 2026 fructum,
658 1956 794 2034 quande
819 1956 997 2016 volebamus
1018 1955 1087 2016 lieri
1106 1958 1223 2033 Jurisu,

99 2071 164 2111 non
185 2049 367 2113 timebimus
381 2074 438 2134 pro
458 2064 563 2113 uestro
584 2053 760 2120 edversario
782 2065 815 2113 et
838 2075 893 2116 sua
926 2065 1014 2116 acuta
1028 2057 1151 2137 penna,
1193 2068 1224 2119 et

98 2153 281 2231 petebamus
300 2152 360 2233 ipsi
380 2153 414 2220 in
430 2153 532 2212 'oeulis
553 2153 723 2232 adspicere,
764 2173 910 2232 quorsum
939 2156 1060 2221 volebat
1078 2157 1224 2216 verberas

100 2269 151 2326 re,
173 2260 207 2311 ut
228 2264 281 2310 aut
300 2252 540 2332 per'secundam
562 2262 615 2312 aut
637 2273 693 2331 per
712 2253 851 2327 tertiam,
877 2254 1033 2312 interdum
1055 2255 1146 2313 etiam
1164 2275 1224 2335 per
1258 2325 1261 2334 .

100 2349 260 2428 septimam
271 2393 281 2425 ,
303 2351 350 2412 uti
371 2352 501 2426 dicitur,
529 2373 586 2432 per
607 2353 767 2431 septimam
790 2352 921 2415 libenter
939 2354 1145 2427 mentiuntur,
1168 2375 1225 2430 eur-s

101 2451 299 2510 sumebamus
320 2452 489 2511 verberem.
549 2451 597 2510 Et¹
610 2451 732 2531 quando
753 2452 930 2511 volebamus
950 2450 1019 2516 fieri
1039 2453 1223 2533 Theolengi,

102 2557 178 2608 tunc
197 2569 261 2612 non
283 2551 433 2610 stabamus
454 2560 488 2610 ut
507 2551 626 2630 lignum
647 2551 680 2610 iu
702 2551 898 2623 cancellaria,
919 2551 972 2613 sed
993 2552 1117 2611 brachia
1135 2565 1225 2632 pore«.

101 2667 207 2708 ramus
229 2669 355 2712 merere
374 2660 436 2709 tam
458 2649 631 2724 artificiter,
664 2659 699 2710 ut
728 2659 833 2708 omnes
857 2649 998 2710 homines
1018 2651 1052 2710 id
1075 2652 1232 2734 micabant¹

102 2758 134 2805 et
153 2748 305 2811 ridebant.
332 2748 479 2826 'Quande
500 2769 574 2810 vere
596 2750 736 2808 Medicus
753 2749 930 2810 volebamus
950 2748 1034 2824 fiere,
1054 2760 1128 2810 tunc
1147 2753 1226 2812 benc
1267 2827 1270 2833 .

102 2848 283 2927 petebamus
305 2847 462 2927 adspicere
485 2849 646 2922 vulneres,
680 2859 711 2909 et
730 2849 896 2922 cicatricis,
930 2859 961 2910 et
980 2869 1133 2930 sanguem.
1172 2854 1226 2913 'Et

102 2947 188 3024 quod
209 2946 438 3026 magnissimum
458 2957 520 3024 est,
562 2947 635 3026 quia
661 2945 756 3008 heure
784 2956 830 3008 est
849 2948 979 3022 animal,
1020 2950 1228 3029 qui-libenter

102 3066 175 3105 cum
204 3045 273 3104 aliis
299 3047 460 3120 circumit,
503 3047 582 3106 sicut
602 3046 677 3108 dicit
698 3039 822 3130 sapiens·
845 3049 1010 3128 Apostolus
1036 3051 1226 3124 Asistoretes,

103 3145 287 3204 cantharum
315 3167 412 3206 uuum
434 3146 486 3205 vel
513 3145 574 3204 diro
596 3145 748 3214 carensac
768 3151 820 3208 vel
841 3149 932 3208 etiam
959 3147 1027 3208 vini
1046 3151 1226 3227 petebamus

104 3263 177 3303 curu
195 3244 331 3304 invicem
351 3245 472 3321 bibere,
515 3254 545 3304 et
567 3265 629 3304 nen
651 3247 783 3320 rixare,··
803 3247 885 3327 quod
904 3267 967 3306 non
983 3248 1158 3308 feceramus,
1181 3249 1228 3306 als

102 3343 166 3412 teri
186 3343 360 3417 decretum,
383 3328 556 3424 quiaillud
577 3343 656 3403 bene
678 3325 878 3408 docueramus
899 3347 933 3404 in
955 3346 1127 3404 Academia.
1166 3350 1233 3407 Su.-
1276 3373 1277 3378 ¹

103 3463 162 3522 per
177 3442 258 3502 illud
286 3446 375 3503 etiam
397 3440 524 3502 Doctori
554 3453 584 3500 et
604 3445 800 3526 Praeceptcri
826 3443 924 3502 nostri
947 3463 1036 3522 saepe
1058 3443 1148 3502 etiam
1167 3465 1227 3523 pre
1276 3513 1277 3520 ἵ

104 3541 200 3601 chace
222 3543 382 3603 sumebant
401 3544 516 3603 bouum
538 3542 637 3616 diem,
674 3556 704 3602 et
724 3542 847 3623 quaudo
875 3551 962 3604 erant
981 3541 1055 3606 sessi
1074 3543 1227 3608 benorum

105 3641 248 3715 dierum,
275 3653 349 3701 tuuc
369 3643 511 3722 legebant
530 3643 685 3704 interdum
707 3643 834 3715 boram,
860 3641 905 3700 ita
930 3649 965 3699 ut
984 3640 1127 3720 quilibet
1133 3641 1230 3702 mira·
1234 3673 1237 3676 ·

106 3740 176 3812 bat,
197 3741 281 3819 quod
301 3750 363 3801 tam
384 3740 563 3822 perfactiter
581 3745 727 3823 petebant
745 3744 871 3832 legere,
893 3748 923 3800 et
943 3760 999 3798 nes
1021 3741 1228 3815 credebamus,

104 3838 191 3916 quod
210 3839 314 3899 emnia
333 3850 415 3900 certe
433 3841 477 3900 sie
498 3842 897 3920 eraut.1ndepareemus
918 3839 1079 3899 multum
1069 3859 1103 3898 sn
1124 3851 1235 3902 nostra·

105 3937 319 4013 valetudiue,
334 3948 365 3999 et
383 3959 447 3999 non
470 3941 652 4003 debebamus
679 3947 769 4018 eaput
789 3951 926 3998 nostrum
947 3949 1010 3998 tam
1028 3956 1118 4026 saepe
1138 3939 1228 4000 frsa-
1283 4021 1284 4026 η

103 4035 180 4118 ‘gere
200 4058 295 4118 super
314 4047 377 4099 tam
397 4042 508 4101 multas
529 4063 587 4102 res.
645 4039 686 4097 Et
710 4041 766 4104 ue‘s
792 4036 977 4098 habebamus
1002 4054 1093 4124 unctu
1117 4038 1229 4100 bonam

104 4147 239 4212 sectam,
261 4157 339 4216 quac
359 4139 500 4205 omnibus
517 4132 580 4198 ¹tem
604 4138 681 4206 bene
702 4136 855 4216 placebat,
875 4147 911 4204 ut
931 4136 1123 4216 jacebamus,
1145 4137 1231 4216 qued

102 4257 164 4296 nos
185 4236 271 4318 apud
288 4236 376 4298 illam
388 4223 504 4300 'vivere
524 4247 554 4299 et
574 4239 654 4298 mori
674 4238 834 4334 uolumus,
869 4237 949 4295 sicut
974 4236 1078 4296 Tucca
1104 4233 1232 4314 jurave-2
