2872 4722
386 351 929 415 ouscttu.v1u01a
1046 346 1052 358 '
1159 349 1220 414 107

89 509 159 593 quid
174 507 269 591 putat'
285 508 345 568 iste
367 529 436 570 cum
458 531 514 571 sua
534 507 739 590 allegatione?
781 505 1030 586 Debetislegere
1047 527 1140 567 unam
1162 527 1221 567 nu-

88 612 211 672 vitatem
235 631 307 670 cnm
327 609 459 684 laetitia,
486 609 560 688 quia
579 606 724 669 hilarabit
744 616 876 666 vestram
898 605 1141 666 dominationem
1161 605 1222 664 sni-

89 703 246 784 rabiliter,
268 718 299 768 ct
316 709 391 770 volo
410 707 543 768 scribere
564 727 635 769 cum
656 705 802 766 brevibus
822 703 933 766 verbis.
974 705 1048 765 Fuit
1067 705 1119 764 laic
1139 725 1220 766 unus

88 811 202 882 Poeta,
246 806 302 888 qui
317 815 445 882 vocatur
471 809 602 866 loannes
627 804 888 884 Esticampianns,
930 803 1047 884 etipse
1067 804 1129 864 fuit
1150 803 1222 864 satis

89 916 268 988 praetensae
275 947 285 980 ,
306 915 338 965 et
356 903 554 985 parvipendit
572 923 663 985 saepe
683 903 846 981 Magistros
873 904 986 964 artium
1013 913 1044 964 et
1064 901 1221 964 annihila-

88 1005 133 1068 vit
152 1025 205 1064 eos
221 1005 257 1064 in
275 1024 332 1070 sua
349 1003 500 1078 lectione,
523 1011 553 1063 et
573 1001 670 1065 dixit:
691 1002 774 1084 quod
794 1023 858 1062 non
879 1015 951 1064 sunt
968 1003 1168 1078 sufficientes,
1190 1013 1222 1064 et

88 1103 170 1184 quod
189 1123 276 1162 unus
295 1103 391 1162 Poeta
409 1104 493 1163 valet
519 1102 625 1162 decem
654 1103 834 1181 Magistros,
873 1112 904 1163 et
931 1103 1015 1183 quod
1042 1104 1156 1164 Poetae
1185 1103 1221 1162 in

86 1202 285 1282 processione
305 1201 453 1262 deberent
476 1204 661 1284 praecedere
686 1202 851 1282 Magistros
878 1214 909 1262 et
935 1192 1132 1264 licentiatos.
1180 1203 1222 1264 Et
1324 1248 1332 1268 s

86 1301 153 1381 ipse
168 1301 247 1381 legit
266 1297 420 1375 Plinium,
443 1309 474 1360 et
495 1300 570 1362 alios
591 1304 700 1364 Poetae
707 1344 717 1376 ,
740 1311 771 1361 et
792 1301 888 1376 dixit,
909 1304 993 1383 quod
1016 1301 1157 1383 Magistri
1167 1321 1221 1362 ar-

85 1399 165 1460 tium
185 1420 254 1460 uon
274 1411 346 1458 suut
365 1399 506 1480 Magistri
525 1401 560 1460 in
580 1411 696 1482 septem
715 1400 831 1462 artibus
849 1402 1048 1477 liberalibus,
1084 1403 1138 1462 sed
1163 1421 1222 1482 po·

85 1501 148 1560 tius
168 1500 205 1559 in
228 1509 345 1579 septem
365 1498 496 1578 peccatis
519 1495 716 1577 mortalibus,
737 1515 768 1562 et
788 1524 853 1564 non
873 1502 988 1563 habent
1007 1502 1123 1561 bonum
1144 1501 1221 1561 fun-

84 1599 284 1672 damentum,
322 1599 396 1679 quia
416 1619 480 1660 non
509 1600 683 1662 didicerunt
702 1603 872 1678 Puetriam,
905 1602 960 1662 sed
981 1613 1100 1661 tantum
1120 1602 1222 1662 sciunt

82 1699 220 1758 Petrum
238 1699 428 1778 Hispanum,
451 1709 482 1760 et
502 1721 600 1780 parua
619 1702 774 1782 logicalia:
816 1712 848 1764 et
866 1701 976 1763 habuit
997 1701 1110 1762 multus
1131 1701 1221 1761 audi-

83 1805 175 1856 tores
195 1805 228 1856 et
246 1793 435 1871 domicellos,
474 1808 505 1859 et
525 1801 620 1876 dixit,
656 1803 739 1883 quod
759 1801 839 1861 nihil
868 1812 913 1862 est
940 1822 1010 1861 cum
1032 1799 1167 1860 Scotistis
1189 1809 1221 1860 et

86 1894 279 1973 Thomistis;
316 1910 344 1958 et
370 1897 473 1970 ¹emisit
501 1899 704 1980 blasphemias
736 1912 843 1962 contra
870 1902 1039 1962 Ductorem
1071 1909 1219 1960 sunctum.

85 1995 184 2053 'l'unc
204 1996 343 2076 Magistri
363 2010 602 2078 expectaverant
623 2021 714 2062 suum
738 2009 882 2084 tempus,
909 2011 945 2064 nt
969 2001 1164 2063 vindicarent
1188 2022 1222 2061 se

87 2113 161 2153 cnm
190 2093 344 2173 adjutorio
371 2097 454 2173 Dei,
496 2111 527 2158 ct
550 2101 636 2160 Deus
662 2102 783 2176 voluit,
802 2127 805 2132 ·
827 2101 911 2182 qnod
935 2102 1001 2182 ipae
1029 2104 1126 2162 semel
1146 2101 1222 2161 fecit

87 2213 184 2252 unam
208 2197 379 2258 orationem
390 2238 400 2271 ,
428 2208 459 2258 et
477 2199 694 2260 scandalizavit
713 2200 891 2282 Magistros,
918 2200 1084 2275 Ductores,
1112 2211 1143 2262 et
1162 2202 1222 2262 Li-

88 2294 258 2369 centiatos,
282 2309 314 2359 et
334 2299 562 2373 Baccaleurios,
584 2308 616 2358 et
633 2299 772 2362 laudavit
793 2319 879 2360 suam
901 2298 1093 2373 facultatem,
1122 2308 1153 2359 et
1170 2300 1222 2361 vi-

86 2395 248 2474 tuperavit
267 2417 384 2457 sacram
405 2399 616 2479 Theologiam.
662 2399 703 2458 Et
721 2397 784 2460 fuit
803 2417 913 2476 magna
932 2398 1119 2460 verecundia
1139 2398 1222 2459 inter

83 2485 248 2556 Dominus
268 2493 307 2554 de
326 2498 488 2560 Facultate.
533 2487 574 2559 Et
595 2489 785 2576 collegerunt
804 2495 955 2578 Magistri,
974 2498 1126 2559 Doctores
1146 2519 1221 2558 con-

83 2594 222 2670 cilium,
243 2606 274 2654 et
292 2593 449 2658 dixerunt:
472 2598 558 2677 Quid
578 2596 733 2657 facimus?
773 2597 846 2677 quia
865 2596 917 2657 hic
936 2597 1030 2657 honio
1051 2597 1149 2658 multa
1161 2598 1223 2657 mi·

83 2714 124 2755 ra
145 2693 242 2756 iacit:
272 2693 499 2759 sidimittimns
519 2717 592 2758 enm
614 2696 673 2772 sic,
695 2716 801 2756 omnes
823 2697 957 2771 credent,
978 2697 1062 2777 quod
1082 2709 1127 2757 est
1148 2699 1223 2758 due·
1309 2713 1317 2738 t

85 2793 155 2862 tior
174 2794 285 2870 nobis,
307 2815 348 2856 ne
367 2797 451 2859 forte
470 2798 598 2860 veniant
619 2797 781 2870 Moderni,
804 2808 835 2856 et
857 2795 974 2871 dicant,
996 2797 1079 2878 quod
1098 2808 1171 2859 sunt
1184 2798 1224 2858 de

87 2895 219 2955 meliori
238 2897 291 2957 via
311 2917 404 2976 quam
424 2898 570 2978 Antiqui,
611 2909 642 2986 et
667 2895 867 2958 vilificabitur
895 2909 1000 2958 nostra
1020 2897 1222 2972 Universitas,

89 3003 124 3053 et
138 2993 195 3052 fiet
213 2996 401 3056 scandalum.
441 2999 483 3058 Et
506 2989 586 3058 dixit
604 2996 751 3078 Magister
770 2996 909 3058 Andreas
927 2998 1084 3072 Delitsch,
1105 3001 1160 3078 qui
1178 3010 1223 3058 est

90 3093 188 3154 etiam
208 3095 284 3156 alias
303 3097 403 3157 bonus
422 3097 533 3172 Poeta,
562 3095 645 3178 quod
669 3094 887 3173 virescenti,
918 3099 1002 3179 quod
1021 3099 1224 3180 Esticampis-

89 3215 153 3254 nus
174 3207 220 3256 est
241 3195 275 3256 in
296 3197 503 3260 Unive'rsitate
529 3209 674 3276 tanquam
702 3196 809 3276 quinta
834 3207 904 3259 rota
932 3199 967 3260 in
997 3219 1108 3272 curru,
1149 3198 1223 3278 quia

91 3294 227 3376 impedit
253 3296 328 3357 alias
358 3297 532 3372 facultates,
570 3295 662 3377 qnod'
681 3297 832 3376 suppositi
852 3317 917 3357 non
943 3307 1071 3378 possunt
1088 3296 1168 3355 bene
1189 3297 1224 3357 in

92 3396 140 3456 eis
162 3394 343 3476 qualificari.
405 3399 447 3457 Et
465 3398 521 3458 alii
540 3395 679 3476 Magistri
699 3394 898 3474 juraverunt,
930 3397 1013 3476 quod
1034 3404 1078 3455 est
1096 3395 1153 3453 ita:
1193 3405 1225 3456 et

14 3553 23 3560 .
92 3516 217 3558 summa
238 3515 448 3573 summarum,
479 3497 540 3577 ipsi
567 3495 799 3570 concluserunt,
835 3493 919 3574 quod
946 3494 1063 3556 vellent
1087 3495 1225 3573 relegare

93 3596 148 3655 vel
169 3595 337 3656 excludere
356 3596 450 3658 istum
477 3598 621 3673 Poetam,
663 3593 780 3657 etiamsi
806 3593 953 3653 deberent
977 3592 1012 3653 in
1039 3603 1224 3675 perpetuum

93 3695 211 3755 habere
232 3695 437 3756 inimicitiam.
486 3698 527 3759 Et
545 3697 718 3760 citaverunt
743 3713 815 3755 eum
836 3692 875 3753 ad
893 3693 1077 3767 Rectorem,
1101 3702 1142 3753 'et
1157 3708 1226 3752 mo-

94 3805 236 3856 nuerunt
255 3815 328 3856 eum
348 3795 383 3855 in
404 3795 504 3858 valvis
524 3797 695 3872 Ecclesiae,
718 3805 749 3857 et
767 3794 835 3876 ipse
855 3791 1045 3872 comparuit,
1067 3800 1098 3852 et
1116 3791 1226 3851 habuit

95 3915 196 3955 unum
217 3894 362 3956 Insistam
381 3915 504 3970 secum,
541 3907 572 3958 et
585 3895 769 3979 ¹praetendit
794 3913 827 3953 se
846 3891 1029 3964 defendere,
1070 3899 1100 3950 et
1118 3889 1228 3950 habuit

97 3995 190 4055 ctiam
210 3995 287 4056 alius
307 3995 415 4072 socios,
436 3997 491 4076 qu'i
506 4005 657 4058 steterunt
675 4017 746 4074 cnm
765 4014 812 4054 eo.
851 3992 893 4052 Et
912 3988 1051 4070 Magistri
1071 3988 1227 4062 dirarum,

98 4097 181 4176 quod
202 4097 351 4158 deberent
370 4097 475 4172 abire,
514 4098 586 4178 qnia
604 4097 679 4156 alias
708 4103 807 4154 esseut
833 4091 969 4174 perjuri,
1012 4089 1085 4171 quia
1112 4098 1228 4149 starent

6 4241 7 4246 1
100 4205 206 4257 uonna
225 4197 475 4258 Univeraitatem.
535 4199 575 4258 Et
596 4194 736 4276 Magistri
757 4195 886 4255 fuerunt
905 4191 1002 4252 fortes
1019 4190 1058 4250 in
1078 4189 1175 4264 bellu,
1198 4195 1229 4248 et
1305 4215 1309 4222 ·

99 4310 338 4360 cermanscrunt
356 4286 543 4372 urinantes,
587 4306 616 4357 et
636 4295 834 4374 juraverunt,
868 4291 951 4373 qaaod
972 4291 1088 4351 uellent
1110 4286 1228 4350 rsemini

941 4455 952 4485 N
