<?xml version="1.0" encoding="UTF-8"?>
<!DOCTYPE html PUBLIC "-//W3C//DTD XHTML 1.0 Transitional//EN"
    "http://www.w3.org/TR/xhtml1/DTD/xhtml1-transitional.dtd">
<html xmlns="http://www.w3.org/1999/xhtml" xml:lang="en" lang="en">
 <head>
  <title>
</title>
<meta http-equiv="Content-Type" content="text/html;charset=utf-8" />
  <meta name='ocr-system' content='tesseract 3.04.00' />
  <meta name='ocr-capabilities' content='ocr_page ocr_carea ocr_par ocr_line ocrx_word'/>
</head>
<body>
  <div class='ocr_page' id='page_1' title='image "./ulrichiabhutten04mngoog_0376.png"; bbox 0 0 2866 4724; ppageno 0'>
   <div class='ocr_carea' id='block_1_1' title="bbox 209 349 990 454">
    <p class='ocr_par' dir='ltr' id='par_1_1' title="bbox 209 349 990 454">
     <span class='ocr_line' id='line_1_1' title="bbox 209 349 990 454; baseline -0.012 -31"><span class='ocrx_word' id='word_1_1' title='bbox 209 353 274 423; x_wconf 78' lang='lat' dir='ltr'><strong>sos</strong></span> <span class='ocrx_word' id='word_1_2' title='bbox 405 445 409 454; x_wconf 19' lang='grc' dir='ltr'>ι</span> <span class='ocrx_word' id='word_1_3' title='bbox 558 349 990 418; x_wconf 80' lang='lat' dir='ltr'><strong>orsa0e1v1r</strong></span> 
     </span>
    </p>
   </div>
   <div class='ocr_carea' id='block_1_2' title="bbox 152 505 1426 4378">
    <p class='ocr_par' dir='ltr' id='par_1_2' title="bbox 152 505 1426 3380">
     <span class='ocr_line' id='line_1_2' title="bbox 210 505 1340 592; baseline -0.004 -18"><span class='ocrx_word' id='word_1_4' title='bbox 210 522 312 574; x_wconf 83' lang='lat' dir='ltr'><strong>eatam</strong></span> <span class='ocrx_word' id='word_1_5' title='bbox 329 506 474 587; x_wconf 83' lang='lat' dir='ltr'><strong>titulum,</strong></span> <span class='ocrx_word' id='word_1_6' title='bbox 518 505 603 568; x_wconf 85' lang='lat' dir='ltr'><strong>nibil</strong></span> <span class='ocrx_word' id='word_1_7' title='bbox 620 507 949 590; x_wconf 77' lang='lat' dir='ltr'><strong>unquam·cttigerunt</strong></span> <span class='ocrx_word' id='word_1_8' title='bbox 967 505 1128 569; x_wconf 86' lang='lat' dir='ltr'><strong>doctrinae</strong></span> <span class='ocrx_word' id='word_1_9' title='bbox 1144 527 1253 592; x_wconf 83' lang='lat' dir='ltr'><strong>sanae;</strong></span> <span class='ocrx_word' id='word_1_10' title='bbox 1287 505 1340 570; x_wconf 85' lang='lat' dir='ltr'><strong>sed</strong></span> 
     </span>
     <span class='ocr_line' id='line_1_3' title="bbox 210 607 1342 697; baseline -0.004 -23"><span class='ocrx_word' id='word_1_11' title='bbox 210 613 371 697; x_wconf 87' lang='lat' dir='ltr'><strong>probatos,</strong></span> <span class='ocrx_word' id='word_1_12' title='bbox 414 608 468 668; x_wconf 87' lang='lat' dir='ltr'><strong>sed</strong></span> <span class='ocrx_word' id='word_1_13' title='bbox 487 607 573 689; x_wconf 87' lang='lat' dir='ltr'><strong>pios,</strong></span> <span class='ocrx_word' id='word_1_14' title='bbox 606 607 661 688; x_wconf 86' lang='lat' dir='ltr'><strong>qai</strong></span> <span class='ocrx_word' id='word_1_15' title='bbox 678 617 817 670; x_wconf 70' lang='lat' dir='ltr'><strong>vetemus</strong></span> <span class='ocrx_word' id='word_1_16' title='bbox 835 608 923 669; x_wconf 86' lang='lat' dir='ltr'><strong>illam</strong></span> <span class='ocrx_word' id='word_1_17' title='bbox 942 609 1101 668; x_wconf 86' lang='lat' dir='ltr'><strong>sacrorum</strong></span> <span class='ocrx_word' id='word_1_18' title='bbox 1122 607 1221 670; x_wconf 87' lang='lat' dir='ltr'><strong>edocti</strong></span> <span class='ocrx_word' id='word_1_19' title='bbox 1242 608 1342 670; x_wconf 83' lang='lat' dir='ltr'><strong>seien-</strong></span> 
     </span>
     <span class='ocr_line' id='line_1_4' title="bbox 209 706 1342 789; baseline -0.005 -15"><span class='ocrx_word' id='word_1_20' title='bbox 209 715 286 781; x_wconf 74' lang='lat' dir='ltr'><strong>tiam</strong></span> <span class='ocrx_word' id='word_1_21' title='bbox 306 708 699 789; x_wconf 85' lang='lat' dir='ltr'><strong>consilinm-praestabant,</strong></span> <span class='ocrx_word' id='word_1_22' title='bbox 732 725 794 788; x_wconf 88' lang='lat' dir='ltr'><strong>qao</strong></span> <span class='ocrx_word' id='word_1_23' title='bbox 814 707 940 768; x_wconf 84' lang='lat' dir='ltr'><strong>demum</strong></span> <span class='ocrx_word' id='word_1_24' title='bbox 964 706 1006 771; x_wconf 77' lang='lat' dir='ltr'><strong>ad</strong></span> <span class='ocrx_word' id='word_1_25' title='bbox 1030 707 1163 787; x_wconf 81' lang='lat' dir='ltr'><strong>primam</strong></span> <span class='ocrx_word' id='word_1_26' title='bbox 1192 709 1281 768; x_wconf 85' lang='lat' dir='ltr'><strong>illam</strong></span> <span class='ocrx_word' id='word_1_27' title='bbox 1312 719 1342 768; x_wconf 91' lang='lat' dir='ltr'><strong>et</strong></span> 
     </span>
     <span class='ocr_line' id='line_1_5' title="bbox 163 806 1342 883; baseline -0.005 -9"><span class='ocrx_word' id='word_1_28' title='bbox 163 851 174 860; x_wconf 76' lang='lat'><strong>·</strong></span> <span class='ocrx_word' id='word_1_29' title='bbox 208 810 482 875; x_wconf 84' lang='lat' dir='ltr'><strong>incontaminatam</strong></span> <span class='ocrx_word' id='word_1_30' title='bbox 512 807 695 868; x_wconf 83' lang='lat' dir='ltr'><strong>Sanctorum</strong></span> <span class='ocrx_word' id='word_1_31' title='bbox 713 806 829 883; x_wconf 83' lang='lat' dir='ltr'><strong>vitam,</strong></span> <span class='ocrx_word' id='word_1_32' title='bbox 879 817 910 867; x_wconf 90' lang='lat' dir='ltr'><strong>et</strong></span> <span class='ocrx_word' id='word_1_33' title='bbox 929 807 1076 866; x_wconf 77' lang='lat' dir='ltr'><strong>eeclesiae</strong></span> <span class='ocrx_word' id='word_1_34' title='bbox 1095 807 1342 870; x_wconf 82' lang='lat' dir='ltr'><strong>senatusconsul-</strong></span> 
     </span>
     <span class='ocr_line' id='line_1_6' title="bbox 208 903 1343 988; baseline -0.008 -11"><span class='ocrx_word' id='word_1_35' title='bbox 208 927 276 977; x_wconf 87' lang='lat' dir='ltr'><strong>tum</strong></span> <span class='ocrx_word' id='word_1_36' title='bbox 296 922 457 973; x_wconf 87' lang='lat' dir='ltr'><strong>restaures.</strong></span> <span class='ocrx_word' id='word_1_37' title='bbox 510 908 543 967; x_wconf 80' lang='lat' dir='ltr'><strong>(l.</strong></span> <span class='ocrx_word' id='word_1_38' title='bbox 580 903 751 981; x_wconf 75' lang='lat' dir='ltr'><strong>Fabricios,</strong></span> <span class='ocrx_word' id='word_1_39' title='bbox 778 917 868 988; x_wconf 80' lang='lat' dir='ltr'><strong>putas</strong></span> <span class='ocrx_word' id='word_1_40' title='bbox 894 907 1038 966; x_wconf 85' lang='lat' dir='ltr'><strong>Erasmus</strong></span> <span class='ocrx_word' id='word_1_41' title='bbox 1065 915 1097 966; x_wconf 90' lang='lat' dir='ltr'><strong>et</strong></span> <span class='ocrx_word' id='word_1_42' title='bbox 1117 907 1293 988; x_wconf 83' lang='lat' dir='ltr'><strong>Oapniones</strong></span> <span class='ocrx_word' id='word_1_43' title='bbox 1312 915 1343 968; x_wconf 85' lang='lat' dir='ltr'><strong>et</strong></span> 
     </span>
     <span class='ocr_line' id='line_1_7' title="bbox 208 1003 1370 1086; baseline -0.01 -11"><span class='ocrx_word' id='word_1_44' title='bbox 208 1011 404 1076; x_wconf 86' lang='lat' dir='ltr'><strong>Litheranos.</strong></span> <span class='ocrx_word' id='word_1_45' title='bbox 431 1007 494 1068; x_wconf 84' lang='grc' dir='ltr'><strong>Μ.</strong></span> <span class='ocrx_word' id='word_1_46' title='bbox 536 1007 598 1066; x_wconf 87' lang='lat' dir='ltr'><strong>Eos</strong></span> <span class='ocrx_word' id='word_1_47' title='bbox 616 1005 707 1086; x_wconf 85' lang='lat' dir='ltr'><strong>ipsos.</strong></span> <span class='ocrx_word' id='word_1_48' title='bbox 749 1009 781 1068; x_wconf 83' lang='grc'><strong>0.</strong></span> <span class='ocrx_word' id='word_1_49' title='bbox 816 1007 860 1068; x_wconf 82' lang='lat' dir='ltr'><strong>At</strong></span> <span class='ocrx_word' id='word_1_50' title='bbox 886 1005 925 1066; x_wconf 90' lang='lat' dir='ltr'><strong>iis</strong></span> <span class='ocrx_word' id='word_1_51' title='bbox 950 1003 1100 1066; x_wconf 84' lang='lat' dir='ltr'><strong>Monaehi</strong></span> <span class='ocrx_word' id='word_1_52' title='bbox 1119 1017 1192 1066; x_wconf 84' lang='lat' dir='ltr'><strong>aaut</strong></span> <span class='ocrx_word' id='word_1_53' title='bbox 1211 1006 1370 1066; x_wconf 88' lang='lat' dir='ltr'><strong>omnine·</strong></span> 
     </span>
     <span class='ocr_line' id='line_1_8' title="bbox 207 1103 1341 1186; baseline -0.009 -13"><span class='ocrx_word' id='word_1_54' title='bbox 207 1110 315 1174; x_wconf 82' lang='lat' dir='ltr'><strong>infesti</strong></span> <span class='ocrx_word' id='word_1_55' title='bbox 335 1118 367 1168; x_wconf 91' lang='lat' dir='ltr'><strong>et</strong></span> <span class='ocrx_word' id='word_1_56' title='bbox 385 1104 557 1168; x_wconf 87' lang='lat' dir='ltr'><strong>haereticos</strong></span> <span class='ocrx_word' id='word_1_57' title='bbox 575 1105 777 1186; x_wconf 82' lang='lat' dir='ltr'><strong>proclamant.</strong></span> <span class='ocrx_word' id='word_1_58' title='bbox 817 1109 866 1166; x_wconf 94' lang='grc' dir='ltr'><strong>Μ.</strong></span> <span class='ocrx_word' id='word_1_59' title='bbox 887 1105 997 1186; x_wconf 86' lang='lat' dir='ltr'><strong>Ns‘qae</strong></span> <span class='ocrx_word' id='word_1_60' title='bbox 1013 1103 1187 1166; x_wconf 81' lang='lat' dir='ltr'><strong>‘Monaehos</strong></span> <span class='ocrx_word' id='word_1_61' title='bbox 1198 1103 1341 1166; x_wconf 82' lang='lat' dir='ltr'>adhiberi</span> 
     </span>
     <span class='ocr_line' id='line_1_9' title="bbox 152 1204 1340 1294; baseline -0.01 -18"><span class='ocrx_word' id='word_1_62' title='bbox 152 1265 162 1276; x_wconf 81' lang='lat'><em>.</em></span> <span class='ocrx_word' id='word_1_63' title='bbox 207 1212 299 1294; x_wconf 69' lang='lat' dir='ltr'><strong>jubeo</strong></span> <span class='ocrx_word' id='word_1_64' title='bbox 328 1208 367 1268; x_wconf 89' lang='lat' dir='ltr'><strong>ad</strong></span> <span class='ocrx_word' id='word_1_65' title='bbox 399 1206 460 1267; x_wconf 90' lang='lat' dir='ltr'><strong>hoc</strong></span> <span class='ocrx_word' id='word_1_66' title='bbox 484 1204 667 1278; x_wconf 87' lang='lat' dir='ltr'><strong>consilium,</strong></span> <span class='ocrx_word' id='word_1_67' title='bbox 706 1214 817 1286; x_wconf 86' lang='lat' dir='ltr'><strong>utpote</strong></span> <span class='ocrx_word' id='word_1_68' title='bbox 838 1205 922 1286; x_wconf 85' lang='lat' dir='ltr'><strong>apud</strong></span> <span class='ocrx_word' id='word_1_69' title='bbox 942 1223 1019 1285; x_wconf 85' lang='lat' dir='ltr'><strong>quos</strong></span> <span class='ocrx_word' id='word_1_70' title='bbox 1040 1205 1079 1264; x_wconf 87' lang='lat' dir='ltr'><strong>sit</strong></span> <span class='ocrx_word' id='word_1_71' title='bbox 1100 1205 1340 1266; x_wconf 77' lang='lat' dir='ltr'><strong>cerimoniarum</strong></span> 
     </span>
     <span class='ocr_line' id='line_1_10' title="bbox 207 1303 1340 1387; baseline -0.006 -16"><span class='ocrx_word' id='word_1_72' title='bbox 207 1312 356 1381; x_wconf 90' lang='lat' dir='ltr'><strong>maltum,</strong></span> <span class='ocrx_word' id='word_1_73' title='bbox 376 1303 496 1387; x_wconf 83' lang='lat' dir='ltr'><strong>pietatis</strong></span> <span class='ocrx_word' id='word_1_74' title='bbox 515 1324 608 1364; x_wconf 84' lang='lat' dir='ltr'><strong>verae</strong></span> <span class='ocrx_word' id='word_1_75' title='bbox 629 1303 720 1365; x_wconf 85' lang='lat' dir='ltr'><strong>nihil.</strong></span> <span class='ocrx_word' id='word_1_76' title='bbox 780 1306 813 1364; x_wconf 83' lang='lat'><strong>0.</strong></span> <span class='ocrx_word' id='word_1_77' title='bbox 855 1304 942 1382; x_wconf 87' lang='lat' dir='ltr'><strong>Quid</strong></span> <span class='ocrx_word' id='word_1_78' title='bbox 963 1323 1027 1364; x_wconf 92' lang='lat' dir='ltr'><strong>non</strong></span> <span class='ocrx_word' id='word_1_79' title='bbox 1047 1303 1108 1364; x_wconf 91' lang='lat' dir='ltr'><strong>hoc</strong></span> <span class='ocrx_word' id='word_1_80' title='bbox 1126 1305 1194 1386; x_wconf 87' lang='lat' dir='ltr'><strong>ipse</strong></span> <span class='ocrx_word' id='word_1_81' title='bbox 1213 1305 1340 1364; x_wconf 86' lang='lat' dir='ltr'><strong>molitus</strong></span> 
     </span>
     <span class='ocr_line' id='line_1_11' title="bbox 207 1400 1341 1484; baseline -0.006 -14"><span class='ocrx_word' id='word_1_82' title='bbox 207 1431 239 1472; x_wconf 84' lang='lat' dir='ltr'><strong>es</strong></span> <span class='ocrx_word' id='word_1_83' title='bbox 261 1408 362 1468; x_wconf 91' lang='lat' dir='ltr'><strong>adhuc</strong></span> <span class='ocrx_word' id='word_1_84' title='bbox 387 1405 423 1464; x_wconf 90' lang='lat' dir='ltr'><strong>iu</strong></span> <span class='ocrx_word' id='word_1_85' title='bbox 447 1401 619 1464; x_wconf 74' lang='lat' dir='ltr'><strong>humanis?</strong></span> <span class='ocrx_word' id='word_1_86' title='bbox 646 1400 650 1406; x_wconf 79' lang='grc'>’</span> <span class='ocrx_word' id='word_1_87' title='bbox 688 1406 738 1464; x_wconf 88' lang='grc' dir='ltr'><strong>Μ.</strong></span> <span class='ocrx_word' id='word_1_88' title='bbox 777 1403 914 1464; x_wconf 76' lang='lat' dir='ltr'><strong>conatus</strong></span> <span class='ocrx_word' id='word_1_89' title='bbox 935 1423 1003 1462; x_wconf 88' lang='lat' dir='ltr'><strong>sum</strong></span> <span class='ocrx_word' id='word_1_90' title='bbox 1027 1404 1206 1482; x_wconf 87' lang='lat' dir='ltr'><strong>aliquoties,</strong></span> <span class='ocrx_word' id='word_1_91' title='bbox 1240 1423 1341 1484; x_wconf 84' lang='lat' dir='ltr'><strong>neque</strong></span> 
     </span>
     <span class='ocr_line' id='line_1_12' title="bbox 206 1499 1340 1584; baseline -0.008 -14"><span class='ocrx_word' id='word_1_92' title='bbox 206 1511 242 1572; x_wconf 92' lang='lat' dir='ltr'><strong>id</strong></span> <span class='ocrx_word' id='word_1_93' title='bbox 266 1507 362 1570; x_wconf 87' lang='lat' dir='ltr'><strong>semel</strong></span> <span class='ocrx_word' id='word_1_94' title='bbox 384 1499 567 1578; x_wconf 84' lang='lat' dir='ltr'><strong>etiterum,</strong></span> <span class='ocrx_word' id='word_1_95' title='bbox 588 1503 642 1562; x_wconf 89' lang='lat' dir='ltr'><strong>sed</strong></span> <span class='ocrx_word' id='word_1_96' title='bbox 663 1503 780 1566; x_wconf 78' lang='lat' dir='ltr'><strong>decies:</strong></span> <span class='ocrx_word' id='word_1_97' title='bbox 814 1501 892 1584; x_wconf 86' lang='lat' dir='ltr'><strong>quid</strong></span> <span class='ocrx_word' id='word_1_98' title='bbox 917 1523 980 1584; x_wconf 77' lang='lat' dir='ltr'><strong>nep</strong></span> <span class='ocrx_word' id='word_1_99' title='bbox 1008 1503 1156 1583; x_wconf 85' lang='lat' dir='ltr'><strong>periculi,</strong></span> <span class='ocrx_word' id='word_1_100' title='bbox 1187 1503 1234 1564; x_wconf 88' lang='lat' dir='ltr'><strong>dii</strong></span> <span class='ocrx_word' id='word_1_101' title='bbox 1254 1503 1340 1578; x_wconf 87' lang='lat' dir='ltr'><strong>boni,</strong></span> 
     </span>
     <span class='ocr_line' id='line_1_13' title="bbox 206 1592 1339 1686; baseline -0.009 -15"><span class='ocrx_word' id='word_1_102' title='bbox 206 1629 275 1671; x_wconf 89' lang='lat' dir='ltr'><strong>sum</strong></span> <span class='ocrx_word' id='word_1_103' title='bbox 295 1592 461 1686; x_wconf 78' lang='lat' dir='ltr'><strong>expertuil</strong></span> <span class='ocrx_word' id='word_1_104' title='bbox 502 1612 578 1684; x_wconf 89' lang='lat' dir='ltr'><strong>quet</strong></span> <span class='ocrx_word' id='word_1_105' title='bbox 598 1601 743 1678; x_wconf 83' lang='lat' dir='ltr'><strong>iusidias,</strong></span> <span class='ocrx_word' id='word_1_106' title='bbox 774 1613 850 1683; x_wconf 89' lang='lat' dir='ltr'><strong>quot</strong></span> <span class='ocrx_word' id='word_1_107' title='bbox 869 1601 1035 1676; x_wconf 77' lang='lat' dir='ltr'><strong>veneticis,</strong></span> <span class='ocrx_word' id='word_1_108' title='bbox 1067 1601 1339 1662; x_wconf 69' lang='lat' dir='ltr'><strong>machinationes?</strong></span> 
     </span>
     <span class='ocr_line' id='line_1_14' title="bbox 204 1701 1341 1789; baseline -0.006 -21"><span class='ocrx_word' id='word_1_109' title='bbox 204 1710 316 1789; x_wconf 84' lang='lat' dir='ltr'><strong>Neque</strong></span> <span class='ocrx_word' id='word_1_110' title='bbox 336 1717 523 1764; x_wconf 83' lang='lat' dir='ltr'><strong>cunctsssem</strong></span> <span class='ocrx_word' id='word_1_111' title='bbox 542 1715 664 1776; x_wconf 87' lang='lat' dir='ltr'><strong>tamen,</strong></span> <span class='ocrx_word' id='word_1_112' title='bbox 684 1702 720 1762; x_wconf 94' lang='lat' dir='ltr'><strong>ni</strong></span> <span class='ocrx_word' id='word_1_113' title='bbox 740 1702 905 1762; x_wconf 74' lang='lat' dir='ltr'><strong>obstitisset</strong></span> <span class='ocrx_word' id='word_1_114' title='bbox 922 1701 1023 1762; x_wconf 75' lang='lat' dir='ltr'><strong>lidius</strong></span> <span class='ocrx_word' id='word_1_115' title='bbox 1039 1701 1192 1784; x_wconf 81' lang='lat' dir='ltr'><strong>pontiicx.</strong></span> <span class='ocrx_word' id='word_1_116' title='bbox 1235 1703 1341 1762; x_wconf 76' lang='lat' dir='ltr'><strong>unx-</strong></span> 
     </span>
     <span class='ocr_line' id='line_1_15' title="bbox 205 1801 1426 1890; baseline -0.003 -22"><span class='ocrx_word' id='word_1_117' title='bbox 205 1806 398 1890; x_wconf 82' lang='lat' dir='ltr'><strong>pugnaritne</strong></span> <span class='ocrx_word' id='word_1_118' title='bbox 418 1802 543 1864; x_wconf 85' lang='lat' dir='ltr'><strong>tandem</strong></span> <span class='ocrx_word' id='word_1_119' title='bbox 569 1821 697 1882; x_wconf 85' lang='lat' dir='ltr'><strong>saperes</strong></span> <span class='ocrx_word' id='word_1_120' title='bbox 722 1801 801 1862; x_wconf 79' lang='lat' dir='ltr'><strong>allel</strong></span> <span class='ocrx_word' id='word_1_121' title='bbox 865 1801 1026 1882; x_wconf 80' lang='lat' dir='ltr'><strong>Siquidem</strong></span> <span class='ocrx_word' id='word_1_122' title='bbox 1053 1819 1162 1862; x_wconf 89' lang='lat' dir='ltr'><strong>rumor</strong></span> <span class='ocrx_word' id='word_1_123' title='bbox 1192 1810 1239 1861; x_wconf 88' lang='lat' dir='ltr'><strong>est</strong></span> <span class='ocrx_word' id='word_1_124' title='bbox 1260 1802 1349 1883; x_wconf 85' lang='lat' dir='ltr'><strong>apud.</strong></span> <span class='ocrx_word' id='word_1_125' title='bbox 1425 1877 1426 1886; x_wconf 17' lang='lat'>2</span> 
     </span>
     <span class='ocr_line' id='line_1_16' title="bbox 195 1901 1426 1983; baseline -0.006 -14"><span class='ocrx_word' id='word_1_126' title='bbox 195 1907 371 1979; x_wconf 76' lang='lat' dir='ltr'><strong>mortales,</strong></span> <span class='ocrx_word' id='word_1_127' title='bbox 406 1923 479 1964; x_wconf 85' lang='lat' dir='ltr'><strong>eum</strong></span> <span class='ocrx_word' id='word_1_128' title='bbox 498 1902 534 1963; x_wconf 80' lang='lat' dir='ltr'><strong>vi</strong></span> <span class='ocrx_word' id='word_1_129' title='bbox 556 1903 752 1963; x_wconf 79' lang='lat' dir='ltr'><strong>deturbatum</strong></span> <span class='ocrx_word' id='word_1_130' title='bbox 780 1921 799 1960; x_wconf 89' lang='lat' dir='ltr'><strong>a</strong></span> <span class='ocrx_word' id='word_1_131' title='bbox 823 1901 913 1962; x_wconf 89' lang='lat' dir='ltr'><strong>beato</strong></span> <span class='ocrx_word' id='word_1_132' title='bbox 939 1903 1048 1975; x_wconf 88' lang='lat' dir='ltr'><strong>Petro,</strong></span> <span class='ocrx_word' id='word_1_133' title='bbox 1083 1921 1193 1983; x_wconf 80' lang='lat' dir='ltr'><strong>parare</strong></span> <span class='ocrx_word' id='word_1_134' title='bbox 1220 1903 1340 1963; x_wconf 84' lang='lat' dir='ltr'><strong>exerci-</strong></span> <span class='ocrx_word' id='word_1_135' title='bbox 1425 1967 1426 1972; x_wconf 15' lang='lat'>1</span> 
     </span>
     <span class='ocr_line' id='line_1_17' title="bbox 203 1999 1426 2086; baseline -0.006 -18"><span class='ocrx_word' id='word_1_136' title='bbox 203 2017 289 2082; x_wconf 90' lang='lat' dir='ltr'><strong>tum,</strong></span> <span class='ocrx_word' id='word_1_137' title='bbox 323 2024 384 2086; x_wconf 85' lang='lat' dir='ltr'><strong>quo</strong></span> <span class='ocrx_word' id='word_1_138' title='bbox 404 2004 438 2066; x_wconf 79' lang='lat' dir='ltr'><strong>vi</strong></span> <span class='ocrx_word' id='word_1_139' title='bbox 458 2003 611 2082; x_wconf 78' lang='lat' dir='ltr'><strong>irrumpat</strong></span> <span class='ocrx_word' id='word_1_140' title='bbox 629 2001 664 2060; x_wconf 90' lang='lat' dir='ltr'><strong>in</strong></span> <span class='ocrx_word' id='word_1_141' title='bbox 686 2002 824 2060; x_wconf 86' lang='lat' dir='ltr'><strong>eoelum:</strong></span> <span class='ocrx_word' id='word_1_142' title='bbox 845 1999 961 2060; x_wconf 84' lang='lat' dir='ltr'><strong>dimisit</strong></span> <span class='ocrx_word' id='word_1_143' title='bbox 975 2003 1060 2061; x_wconf 89' lang='lat' dir='ltr'><strong>enim</strong></span> <span class='ocrx_word' id='word_1_144' title='bbox 1080 2000 1130 2080; x_wconf 90' lang='lat' dir='ltr'><strong>(at</strong></span> <span class='ocrx_word' id='word_1_145' title='bbox 1145 2000 1257 2080; x_wconf 86' lang='lat' dir='ltr'><strong>audio)</strong></span> <span class='ocrx_word' id='word_1_146' title='bbox 1278 2003 1340 2061; x_wconf 88' lang='lat' dir='ltr'><strong>cla·</strong></span> <span class='ocrx_word' id='word_1_147' title='bbox 1425 2009 1426 2028; x_wconf 62' lang='lat'><strong>³</strong></span> 
     </span>
     <span class='ocr_line' id='line_1_18' title="bbox 202 2093 1340 2179; baseline -0.007 -11"><span class='ocrx_word' id='word_1_148' title='bbox 202 2125 276 2170; x_wconf 80' lang='lat' dir='ltr'><strong>vem</strong></span> <span class='ocrx_word' id='word_1_149' title='bbox 298 2107 332 2166; x_wconf 90' lang='lat' dir='ltr'><strong>in</strong></span> <span class='ocrx_word' id='word_1_150' title='bbox 353 2123 425 2165; x_wconf 86' lang='lat' dir='ltr'><strong>arca</strong></span> <span class='ocrx_word' id='word_1_151' title='bbox 443 2101 633 2175; x_wconf 84' lang='lat' dir='ltr'><strong>nummaria,</strong></span> <span class='ocrx_word' id='word_1_152' title='bbox 662 2119 723 2179; x_wconf 87' lang='lat' dir='ltr'><strong>qus</strong></span> <span class='ocrx_word' id='word_1_153' title='bbox 748 2093 954 2162; x_wconf 82' lang='lat' dir='ltr'><strong>recludendae</strong></span> <span class='ocrx_word' id='word_1_154' title='bbox 980 2103 1105 2162; x_wconf 82' lang='lat' dir='ltr'><strong>fuerent</strong></span> <span class='ocrx_word' id='word_1_155' title='bbox 1130 2104 1216 2162; x_wconf 88' lang='lat' dir='ltr'><strong>fores</strong></span> <span class='ocrx_word' id='word_1_156' title='bbox 1238 2102 1340 2161; x_wconf 80' lang='lat' dir='ltr'><strong>eoele-</strong></span> 
     </span>
     <span class='ocr_line' id='line_1_19' title="bbox 202 2199 1338 2282; baseline -0.009 -13"><span class='ocrx_word' id='word_1_157' title='bbox 202 2217 272 2269; x_wconf 86' lang='lat' dir='ltr'><strong>stes.</strong></span> <span class='ocrx_word' id='word_1_158' title='bbox 313 2209 362 2266; x_wconf 89' lang='grc' dir='ltr'><strong>Μ.</strong></span> <span class='ocrx_word' id='word_1_159' title='bbox 388 2203 500 2268; x_wconf 85' lang='lat' dir='ltr'><strong>Hahal</strong></span> <span class='ocrx_word' id='word_1_160' title='bbox 532 2201 649 2282; x_wconf 86' lang='lat' dir='ltr'><strong>dejecta</strong></span> <span class='ocrx_word' id='word_1_161' title='bbox 670 2211 716 2259; x_wconf 81' lang='lat' dir='ltr'><strong>est</strong></span> <span class='ocrx_word' id='word_1_162' title='bbox 740 2200 803 2282; x_wconf 86' lang='lat' dir='ltr'><strong>jem</strong></span> <span class='ocrx_word' id='word_1_163' title='bbox 825 2199 1061 2262; x_wconf 66' lang='lat' dir='ltr'><strong>dudum‘bestia</strong></span> <span class='ocrx_word' id='word_1_164' title='bbox 1086 2202 1121 2261; x_wconf 91' lang='lat' dir='ltr'><strong>in</strong></span> <span class='ocrx_word' id='word_1_165' title='bbox 1141 2201 1338 2262; x_wconf 87' lang='lat' dir='ltr'><strong>foetulentis-</strong></span> 
     </span>
     <span class='ocr_line' id='line_1_20' title="bbox 202 2287 1338 2381; baseline -0.006 -15"><span class='ocrx_word' id='word_1_166' title='bbox 202 2307 316 2366; x_wconf 85' lang='lat' dir='ltr'><strong>simum</strong></span> <span class='ocrx_word' id='word_1_167' title='bbox 337 2287 485 2379; x_wconf 85' lang='lat' dir='ltr'><strong>coenum,</strong></span> <span class='ocrx_word' id='word_1_168' title='bbox 513 2300 569 2362; x_wconf 88' lang='lat' dir='ltr'><strong>ubi</strong></span> <span class='ocrx_word' id='word_1_169' title='bbox 590 2298 775 2360; x_wconf 80' lang='lat' dir='ltr'><strong>semiesuac</strong></span> <span class='ocrx_word' id='word_1_170' title='bbox 795 2319 919 2360; x_wconf 88' lang='lat' dir='ltr'><strong>corroso</strong></span> <span class='ocrx_word' id='word_1_171' title='bbox 944 2321 963 2362; x_wconf 88' lang='lat' dir='ltr'><strong>a</strong></span> <span class='ocrx_word' id='word_1_172' title='bbox 985 2301 1152 2362; x_wconf 85' lang='lat' dir='ltr'><strong>bufonibus</strong></span> <span class='ocrx_word' id='word_1_173' title='bbox 1176 2310 1208 2362; x_wconf 93' lang='lat' dir='ltr'><strong>et</strong></span> <span class='ocrx_word' id='word_1_174' title='bbox 1232 2299 1338 2381; x_wconf 87' lang='lat' dir='ltr'><strong>hydris</strong></span> 
     </span>
     <span class='ocr_line' id='line_1_21' title="bbox 201 2400 1336 2485; baseline -0.008 -17"><span class='ocrx_word' id='word_1_175' title='bbox 201 2423 327 2468; x_wconf 86' lang='lat' dir='ltr'><strong>rursum</strong></span> <span class='ocrx_word' id='word_1_176' title='bbox 348 2411 534 2485; x_wconf 79' lang='lat' dir='ltr'><strong>reparantur</strong></span> <span class='ocrx_word' id='word_1_177' title='bbox 554 2411 645 2460; x_wconf 73' lang='lat' dir='ltr'><strong>auus.</strong></span> <span class='ocrx_word' id='word_1_178' title='bbox 717 2401 765 2459; x_wconf 87' lang='grc' dir='ltr'><strong>Μ.</strong></span> <span class='ocrx_word' id='word_1_179' title='bbox 807 2400 945 2482; x_wconf 86' lang='lat' dir='ltr'><strong>Dignam</strong></span> <span class='ocrx_word' id='word_1_180' title='bbox 966 2419 1093 2482; x_wconf 85' lang='lat' dir='ltr'><strong>prorsus</strong></span> <span class='ocrx_word' id='word_1_181' title='bbox 1114 2400 1246 2460; x_wconf 86' lang='lat' dir='ltr'><strong>homine</strong></span> <span class='ocrx_word' id='word_1_182' title='bbox 1264 2421 1336 2480; x_wconf 89' lang='lat' dir='ltr'><strong>sap-</strong></span> 
     </span>
     <span class='ocr_line' id='line_1_22' title="bbox 201 2497 1338 2587; baseline -0.006 -22"><span class='ocrx_word' id='word_1_183' title='bbox 201 2507 341 2587; x_wconf 87' lang='lat' dir='ltr'><strong>pliciam.</strong></span> <span class='ocrx_word' id='word_1_184' title='bbox 406 2498 582 2563; x_wconf 80' lang='lat' dir='ltr'><strong>Redeamus</strong></span> <span class='ocrx_word' id='word_1_185' title='bbox 605 2497 733 2559; x_wconf 89' lang='lat' dir='ltr'><strong>interim</strong></span> <span class='ocrx_word' id='word_1_186' title='bbox 763 2499 804 2560; x_wconf 89' lang='lat' dir='ltr'><strong>ad</strong></span> <span class='ocrx_word' id='word_1_187' title='bbox 833 2497 1017 2562; x_wconf 76' lang='lat' dir='ltr'><strong>institutum</strong></span> <span class='ocrx_word' id='word_1_188' title='bbox 1079 2501 1166 2579; x_wconf 85' lang='lat' dir='ltr'><strong>Quid</strong></span> <span class='ocrx_word' id='word_1_189' title='bbox 1193 2500 1256 2562; x_wconf 90' lang='lat' dir='ltr'><strong>boc</strong></span> <span class='ocrx_word' id='word_1_190' title='bbox 1281 2519 1338 2560; x_wconf 90' lang='lat' dir='ltr'><strong>nc-</strong></span> 
     </span>
     <span class='ocr_line' id='line_1_23' title="bbox 201 2598 1336 2680; baseline -0.005 -16"><span class='ocrx_word' id='word_1_191' title='bbox 201 2623 285 2664; x_wconf 87' lang='lat' dir='ltr'><strong>cesse</strong></span> <span class='ocrx_word' id='word_1_192' title='bbox 306 2613 372 2664; x_wconf 88' lang='lat' dir='ltr'><strong>erat</strong></span> <span class='ocrx_word' id='word_1_193' title='bbox 391 2603 468 2662; x_wconf 85' lang='lat' dir='ltr'><strong>adeo</strong></span> <span class='ocrx_word' id='word_1_194' title='bbox 488 2611 522 2661; x_wconf 84' lang='lat' dir='ltr'><strong>to</strong></span> <span class='ocrx_word' id='word_1_195' title='bbox 539 2599 705 2680; x_wconf 75' lang='lat' dir='ltr'><strong>torquere?</strong></span> <span class='ocrx_word' id='word_1_196' title='bbox 745 2599 831 2659; x_wconf 89' lang='lat' dir='ltr'><strong>Nam</strong></span> <span class='ocrx_word' id='word_1_197' title='bbox 850 2598 912 2680; x_wconf 81' lang='lat' dir='ltr'><strong>jam</strong></span> <span class='ocrx_word' id='word_1_198' title='bbox 939 2599 1034 2661; x_wconf 84' lang='lat' dir='ltr'><strong>ditata</strong></span> <span class='ocrx_word' id='word_1_199' title='bbox 1055 2600 1201 2660; x_wconf 77' lang='lat' dir='ltr'><strong>ectelesia</strong></span> <span class='ocrx_word' id='word_1_200' title='bbox 1220 2609 1259 2660; x_wconf 88' lang='lat' dir='ltr'><strong>nt</strong></span> <span class='ocrx_word' id='word_1_201' title='bbox 1277 2619 1336 2659; x_wconf 86' lang='lat' dir='ltr'><strong>un·</strong></span> 
     </span>
     <span class='ocr_line' id='line_1_24' title="bbox 200 2683 1337 2785; baseline -0.005 -22"><span class='ocrx_word' id='word_1_202' title='bbox 200 2723 292 2785; x_wconf 87' lang='lat' dir='ltr'><strong>qusm</strong></span> <span class='ocrx_word' id='word_1_203' title='bbox 309 2701 423 2762; x_wconf 71' lang='lat' dir='ltr'><strong>antec?</strong></span> <span class='ocrx_word' id='word_1_204' title='bbox 452 2702 566 2762; x_wconf 90' lang='lat' dir='ltr'><strong>Parnm</strong></span> <span class='ocrx_word' id='word_1_205' title='bbox 587 2683 646 2759; x_wconf 89' lang='lat' dir='ltr'><strong>tibi</strong></span> <span class='ocrx_word' id='word_1_206' title='bbox 666 2697 792 2758; x_wconf 84' lang='lat' dir='ltr'><strong>videtur</strong></span> <span class='ocrx_word' id='word_1_207' title='bbox 812 2710 848 2759; x_wconf 89' lang='lat' dir='ltr'><strong>at</strong></span> <span class='ocrx_word' id='word_1_208' title='bbox 867 2696 1103 2781; x_wconf 82' lang='lat' dir='ltr'><strong>quinquaginta,</strong></span> <span class='ocrx_word' id='word_1_209' title='bbox 1124 2700 1190 2759; x_wconf 89' lang='lat' dir='ltr'><strong>imo</strong></span> <span class='ocrx_word' id='word_1_210' title='bbox 1212 2710 1337 2758; x_wconf 89' lang='lat' dir='ltr'><strong>centnm</strong></span> 
     </span>
     <span class='ocr_line' id='line_1_25' title="bbox 199 2797 1336 2881; baseline -0.008 -16"><span class='ocrx_word' id='word_1_211' title='bbox 199 2802 350 2865; x_wconf 84' lang='lat' dir='ltr'><strong>beneficia</strong></span> <span class='ocrx_word' id='word_1_212' title='bbox 377 2821 459 2862; x_wconf 88' lang='lat' dir='ltr'><strong>unus</strong></span> <span class='ocrx_word' id='word_1_213' title='bbox 478 2798 631 2881; x_wconf 89' lang='lat' dir='ltr'><strong>possideat</strong></span> <span class='ocrx_word' id='word_1_214' title='bbox 651 2797 845 2858; x_wconf 86' lang='lat' dir='ltr'><strong>Cardinslisl</strong></span> <span class='ocrx_word' id='word_1_215' title='bbox 886 2801 1000 2860; x_wconf 87' lang='lat' dir='ltr'><strong>Parum</strong></span> <span class='ocrx_word' id='word_1_216' title='bbox 1021 2801 1081 2860; x_wconf 92' lang='lat' dir='ltr'><strong>hoc</strong></span> <span class='ocrx_word' id='word_1_217' title='bbox 1101 2810 1160 2873; x_wconf 87' lang='lat' dir='ltr'><strong>est,</strong></span> <span class='ocrx_word' id='word_1_218' title='bbox 1189 2811 1229 2858; x_wconf 87' lang='lat' dir='ltr'><strong>nt</strong></span> <span class='ocrx_word' id='word_1_219' title='bbox 1247 2797 1336 2879; x_wconf 80' lang='lat' dir='ltr'><strong>Epis-</strong></span> 
     </span>
     <span class='ocr_line' id='line_1_26' title="bbox 198 2896 1336 2983; baseline -0.006 -21"><span class='ocrx_word' id='word_1_220' title='bbox 198 2902 271 2983; x_wconf 86' lang='lat' dir='ltr'><strong>copi</strong></span> <span class='ocrx_word' id='word_1_221' title='bbox 293 2903 368 2962; x_wconf 88' lang='lat' dir='ltr'><strong>olim</strong></span> <span class='ocrx_word' id='word_1_222' title='bbox 390 2901 521 2980; x_wconf 86' lang='lat' dir='ltr'><strong>inopes,</strong></span> <span class='ocrx_word' id='word_1_223' title='bbox 548 2899 659 2960; x_wconf 87' lang='lat' dir='ltr'><strong>relicto</strong></span> <span class='ocrx_word' id='word_1_224' title='bbox 681 2898 786 2958; x_wconf 89' lang='lat' dir='ltr'><strong>codice</strong></span> <span class='ocrx_word' id='word_1_225' title='bbox 805 2911 945 2980; x_wconf 84' lang='lat' dir='ltr'><strong>pugnent</strong></span> <span class='ocrx_word' id='word_1_226' title='bbox 971 2900 1006 2960; x_wconf 90' lang='lat' dir='ltr'><strong>in</strong></span> <span class='ocrx_word' id='word_1_227' title='bbox 1027 2898 1168 2979; x_wconf 83' lang='lat' dir='ltr'><strong>campol&#39;</strong></span> <span class='ocrx_word' id='word_1_228' title='bbox 1197 2896 1336 2958; x_wconf 80' lang='lat' dir='ltr'><strong>Mandis</strong></span> 
     </span>
     <span class='ocr_line' id='line_1_27' title="bbox 199 2999 1338 3083; baseline -0.006 -21"><span class='ocrx_word' id='word_1_229' title='bbox 199 3003 268 3083; x_wconf 89' lang='lat' dir='ltr'><strong>ipse</strong></span> <span class='ocrx_word' id='word_1_230' title='bbox 285 2999 494 3060; x_wconf 88' lang='lat' dir='ltr'><strong>sacerdotibus</strong></span> <span class='ocrx_word' id='word_1_231' title='bbox 513 3009 544 3058; x_wconf 89' lang='lat' dir='ltr'><strong>et</strong></span> <span class='ocrx_word' id='word_1_232' title='bbox 563 2999 722 3059; x_wconf 85' lang='lat' dir='ltr'><strong>monachis</strong></span> <span class='ocrx_word' id='word_1_233' title='bbox 742 3001 853 3079; x_wconf 86' lang='lat' dir='ltr'><strong>plenus</strong></span> <span class='ocrx_word' id='word_1_234' title='bbox 874 3011 928 3061; x_wconf 89' lang='lat' dir='ltr'><strong>est.</strong></span> <span class='ocrx_word' id='word_1_235' title='bbox 968 3000 1178 3082; x_wconf 68' lang='lat' dir='ltr'><strong>Principium,</strong></span> <span class='ocrx_word' id='word_1_236' title='bbox 1200 3008 1338 3078; x_wconf 88' lang='lat' dir='ltr'><strong>potesta-</strong></span> 
     </span>
     <span class='ocr_line' id='line_1_28' title="bbox 199 3096 1337 3182; baseline -0.005 -20"><span class='ocrx_word' id='word_1_237' title='bbox 199 3111 263 3176; x_wconf 86' lang='lat' dir='ltr'><strong>tes,</strong></span> <span class='ocrx_word' id='word_1_238' title='bbox 297 3119 370 3182; x_wconf 89' lang='lat' dir='ltr'><strong>opes</strong></span> <span class='ocrx_word' id='word_1_239' title='bbox 391 3116 548 3177; x_wconf 86' lang='lat' dir='ltr'><strong>regnaque</strong></span> <span class='ocrx_word' id='word_1_240' title='bbox 569 3100 608 3159; x_wconf 91' lang='lat' dir='ltr'><strong>ad</strong></span> <span class='ocrx_word' id='word_1_241' title='bbox 629 3100 800 3160; x_wconf 85' lang='lat' dir='ltr'><strong>sacerdotes</strong></span> <span class='ocrx_word' id='word_1_242' title='bbox 821 3099 967 3160; x_wconf 85' lang='lat' dir='ltr'><strong>devoluta</strong></span> <span class='ocrx_word' id='word_1_243' title='bbox 990 3111 1069 3160; x_wconf 80' lang='lat' dir='ltr'><strong>sunt</strong></span> <span class='ocrx_word' id='word_1_244' title='bbox 1122 3101 1176 3159; x_wconf 86' lang='lat' dir='ltr'><strong>Tu</strong></span> <span class='ocrx_word' id='word_1_245' title='bbox 1203 3097 1245 3157; x_wconf 84' lang='lat' dir='ltr'><strong>a‘d</strong></span> <span class='ocrx_word' id='word_1_246' title='bbox 1270 3096 1337 3178; x_wconf 68' lang='lat' dir='ltr'><strong>pri-²</strong></span> 
     </span>
     <span class='ocr_line' id='line_1_29' title="bbox 199 3198 1338 3280; baseline -0.005 -18"><span class='ocrx_word' id='word_1_247' title='bbox 199 3203 310 3262; x_wconf 88' lang='lat' dir='ltr'><strong>atinam</strong></span> <span class='ocrx_word' id='word_1_248' title='bbox 338 3201 425 3260; x_wconf 82' lang='lat' dir='ltr'><strong>illem</strong></span> <span class='ocrx_word' id='word_1_249' title='bbox 452 3200 591 3280; x_wconf 88' lang='lat' dir='ltr'><strong>inopiam</strong></span> <span class='ocrx_word' id='word_1_250' title='bbox 621 3210 652 3259; x_wconf 92' lang='lat' dir='ltr'><strong>et</strong></span> <span class='ocrx_word' id='word_1_251' title='bbox 676 3208 888 3280; x_wconf 83' lang='lat' dir='ltr'><strong>paupertatem</strong></span> <span class='ocrx_word' id='word_1_252' title='bbox 910 3199 1026 3260; x_wconf 85' lang='lat' dir='ltr'><strong>Christi</strong></span> <span class='ocrx_word' id='word_1_253' title='bbox 1047 3199 1206 3260; x_wconf 81' lang='lat' dir='ltr'><strong>eeclesiam</strong></span> <span class='ocrx_word' id='word_1_254' title='bbox 1228 3198 1338 3260; x_wconf 84' lang='lat' dir='ltr'><strong>devol-</strong></span> 
     </span>
     <span class='ocr_line' id='line_1_30' title="bbox 179 3296 1337 3380; baseline -0.003 -20"><span class='ocrx_word' id='word_1_255' title='bbox 179 3301 275 3380; x_wconf 67' lang='lat' dir='ltr'><strong>&#39;resl</strong></span> <span class='ocrx_word' id='word_1_256' title='bbox 306 3302 356 3360; x_wconf 89' lang='grc' dir='ltr'><strong>Μ.</strong></span> <span class='ocrx_word' id='word_1_257' title='bbox 378 3300 447 3359; x_wconf 83' lang='grc' dir='ltr'><strong>Ηοο</strong></span> <span class='ocrx_word' id='word_1_258' title='bbox 475 3299 571 3380; x_wconf 85' lang='lat' dir='ltr'><strong>magis</strong></span> <span class='ocrx_word' id='word_1_259' title='bbox 595 3296 774 3379; x_wconf 81' lang='lat' dir='ltr'><strong>lugendum.</strong></span> <span class='ocrx_word' id='word_1_260' title='bbox 815 3301 866 3358; x_wconf 87' lang='lat' dir='ltr'><strong>Tu</strong></span> <span class='ocrx_word' id='word_1_261' title='bbox 879 3336 882 3344; x_wconf 75' lang='lat'><em>›</em></span> <span class='ocrx_word' id='word_1_262' title='bbox 895 3299 963 3380; x_wconf 85' lang='lat' dir='ltr'><strong>ipse</strong></span> <span class='ocrx_word' id='word_1_263' title='bbox 982 3310 1084 3359; x_wconf 82' lang='lat' dir='ltr'><strong>tecam</strong></span> <span class='ocrx_word' id='word_1_264' title='bbox 1106 3297 1269 3380; x_wconf 81' lang='lat' dir='ltr'><strong>expende,</strong></span> <span class='ocrx_word' id='word_1_265' title='bbox 1291 3297 1337 3358; x_wconf 88' lang='lat' dir='ltr'><strong>mi</strong></span> 
     </span>
    </p>

    <p class='ocr_par' dir='ltr' id='par_1_3' title="bbox 158 3383 1424 4378">
     <span class='ocr_line' id='line_1_31' title="bbox 199 3383 1424 3479; baseline -0.005 -16"><span class='ocrx_word' id='word_1_266' title='bbox 199 3399 327 3475; x_wconf 80' lang='lat' dir='ltr'><strong>Catule,</strong></span> <span class='ocrx_word' id='word_1_267' title='bbox 360 3399 387 3457; x_wconf 87' lang='lat' dir='ltr'><strong>sl</strong></span> <span class='ocrx_word' id='word_1_268' title='bbox 408 3399 442 3458; x_wconf 93' lang='lat' dir='ltr'><strong>id</strong></span> <span class='ocrx_word' id='word_1_269' title='bbox 456 3413 610 3478; x_wconf 84' lang='lat' dir='ltr'><strong>&#39;umquem</strong></span> <span class='ocrx_word' id='word_1_270' title='bbox 638 3399 778 3458; x_wconf 83' lang='lat' dir='ltr'><strong>docuerit</strong></span> <span class='ocrx_word' id='word_1_271' title='bbox 804 3399 962 3473; x_wconf 81' lang='lat' dir='ltr'><strong>Christus,</strong></span> <span class='ocrx_word' id='word_1_272' title='bbox 989 3399 1072 3479; x_wconf 91' lang='lat' dir='ltr'><strong>quod</strong></span> <span class='ocrx_word' id='word_1_273' title='bbox 1093 3399 1201 3458; x_wconf 85' lang='lat' dir='ltr'><strong>elerici</strong></span> <span class='ocrx_word' id='word_1_274' title='bbox 1217 3412 1248 3458; x_wconf 84' lang='lat' dir='ltr'><strong>at</strong></span> <span class='ocrx_word' id='word_1_275' title='bbox 1265 3419 1336 3457; x_wconf 92' lang='lat' dir='ltr'><strong>mo·</strong></span> <span class='ocrx_word' id='word_1_276' title='bbox 1423 3383 1424 3446; x_wconf 54' lang='grc' dir='ltr'>ἑ</span> 
     </span>
     <span class='ocr_line' id='line_1_32' title="bbox 158 3477 1424 3602; baseline -0.003 -40"><span class='ocrx_word' id='word_1_277' title='bbox 158 3477 162 3486; x_wconf 64' lang='lat'><em>„</em></span> <span class='ocrx_word' id='word_1_278' title='bbox 199 3499 293 3562; x_wconf 88' lang='lat' dir='ltr'><strong>nachi</strong></span> <span class='ocrx_word' id='word_1_279' title='bbox 313 3499 424 3580; x_wconf 88' lang='lat' dir='ltr'><strong>opibus</strong></span> <span class='ocrx_word' id='word_1_280' title='bbox 446 3497 586 3571; x_wconf 86' lang='lat' dir='ltr'><strong>inhient,</strong></span> <span class='ocrx_word' id='word_1_281' title='bbox 618 3509 752 3558; x_wconf 85' lang='lat' dir='ltr'><strong>tractent</strong></span> <span class='ocrx_word' id='word_1_282' title='bbox 771 3499 954 3572; x_wconf 86' lang='lat' dir='ltr'><strong>saecularia,</strong></span> <span class='ocrx_word' id='word_1_283' title='bbox 985 3500 1047 3558; x_wconf 89' lang='lat' dir='ltr'><strong>sint</strong></span> <span class='ocrx_word' id='word_1_284' title='bbox 1067 3499 1235 3574; x_wconf 86' lang='lat' dir='ltr'><strong>aleatores,</strong></span> <span class='ocrx_word' id='word_1_285' title='bbox 1260 3517 1337 3580; x_wconf 88' lang='lat' dir='ltr'><strong>per-</strong></span> <span class='ocrx_word' id='word_1_286' title='bbox 1423 3539 1424 3602; x_wconf 58' lang='lat' dir='ltr'><strong>l</strong></span> 
     </span>
     <span class='ocr_line' id='line_1_33' title="bbox 192 3596 1424 3677; baseline -0.002 -17"><span class='ocrx_word' id='word_1_287' title='bbox 192 3619 352 3672; x_wconf 80' lang='lat' dir='ltr'><strong>caesores,</strong></span> <span class='ocrx_word' id='word_1_288' title='bbox 374 3598 547 3672; x_wconf 88' lang='lat' dir='ltr'><strong>vinolenti,</strong></span> <span class='ocrx_word' id='word_1_289' title='bbox 566 3597 789 3677; x_wconf 71' lang='lat' dir='ltr'><strong>concubinarii,</strong></span> <span class='ocrx_word' id='word_1_290' title='bbox 812 3597 1031 3658; x_wconf 86' lang='lat' dir='ltr'><strong>fornicatores:</strong></span> <span class='ocrx_word' id='word_1_291' title='bbox 1059 3607 1097 3656; x_wconf 91' lang='lat' dir='ltr'><strong>ut</strong></span> <span class='ocrx_word' id='word_1_292' title='bbox 1116 3596 1336 3658; x_wconf 86' lang='lat' dir='ltr'><strong>conventicula</strong></span> <span class='ocrx_word' id='word_1_293' title='bbox 1423 3623 1424 3638; x_wconf 53' lang='lat'>¹</span> 
     </span>
     <span class='ocr_line' id='line_1_34' title="bbox 197 3689 1338 3780; baseline -0.004 -20"><span class='ocrx_word' id='word_1_294' title='bbox 197 3689 374 3760; x_wconf 72' lang='lat' dir='ltr'><strong>Moralium</strong></span> <span class='ocrx_word' id='word_1_295' title='bbox 404 3697 577 3780; x_wconf 87' lang='lat' dir='ltr'><strong>prostibula</strong></span> <span class='ocrx_word' id='word_1_296' title='bbox 599 3698 677 3758; x_wconf 86' lang='lat' dir='ltr'><strong>sint:</strong></span> <span class='ocrx_word' id='word_1_297' title='bbox 718 3709 755 3759; x_wconf 89' lang='lat' dir='ltr'><strong>at</strong></span> <span class='ocrx_word' id='word_1_298' title='bbox 780 3698 917 3772; x_wconf 89' lang='lat' dir='ltr'><strong>indocti,</strong></span> <span class='ocrx_word' id='word_1_299' title='bbox 939 3697 1063 3778; x_wconf 82' lang='lat' dir='ltr'><strong>ignavi,</strong></span> <span class='ocrx_word' id='word_1_300' title='bbox 1085 3698 1229 3758; x_wconf 80' lang='lat' dir='ltr'><strong>bestiales</strong></span> <span class='ocrx_word' id='word_1_301' title='bbox 1249 3697 1338 3779; x_wconf 82' lang='lat' dir='ltr'><strong>gregi</strong></span> 
     </span>
     <span class='ocr_line' id='line_1_35' title="bbox 197 3795 1336 3878; baseline -0.003 -18"><span class='ocrx_word' id='word_1_302' title='bbox 197 3799 324 3860; x_wconf 87' lang='lat' dir='ltr'><strong>Christi·</strong></span> <span class='ocrx_word' id='word_1_303' title='bbox 337 3795 596 3878; x_wconf 81' lang='lat' dir='ltr'><strong>praeficianturl·</strong></span> <span class='ocrx_word' id='word_1_304' title='bbox 624 3797 686 3857; x_wconf 90' lang='lat' dir='ltr'><strong>Sed</strong></span> <span class='ocrx_word' id='word_1_305' title='bbox 706 3797 757 3857; x_wconf 90' lang='lat' dir='ltr'><strong>dic</strong></span> <span class='ocrx_word' id='word_1_306' title='bbox 778 3797 880 3871; x_wconf 86' lang='lat' dir='ltr'><strong>sodes,</strong></span> <span class='ocrx_word' id='word_1_307' title='bbox 901 3817 964 3878; x_wconf 87' lang='lat' dir='ltr'><strong>qno</strong></span> <span class='ocrx_word' id='word_1_308' title='bbox 983 3797 1054 3878; x_wconf 76' lang='lat' dir='ltr'><strong>iure</strong></span> <span class='ocrx_word' id='word_1_309' title='bbox 1075 3807 1216 3874; x_wconf 86' lang='lat' dir='ltr'><strong>centnm,</strong></span> <span class='ocrx_word' id='word_1_310' title='bbox 1240 3807 1278 3857; x_wconf 87' lang='lat' dir='ltr'><strong>at</strong></span> <span class='ocrx_word' id='word_1_311' title='bbox 1291 3805 1336 3857; x_wconf 89' lang='lat' dir='ltr'><strong>tot</strong></span> 
     </span>
     <span class='ocr_line' id='line_1_36' title="bbox 197 3889 1336 3977; baseline -0.003 -18"><span class='ocrx_word' id='word_1_312' title='bbox 197 3919 349 3972; x_wconf 87' lang='lat' dir='ltr'><strong>canones,</strong></span> <span class='ocrx_word' id='word_1_313' title='bbox 369 3906 416 3957; x_wconf 90' lang='lat' dir='ltr'><strong>tot</strong></span> <span class='ocrx_word' id='word_1_314' title='bbox 435 3897 518 3976; x_wconf 83' lang='lat' dir='ltr'><strong>leges</strong></span> <span class='ocrx_word' id='word_1_315' title='bbox 538 3897 574 3956; x_wconf 89' lang='lat' dir='ltr'><strong>in</strong></span> <span class='ocrx_word' id='word_1_316' title='bbox 594 3915 746 3956; x_wconf 87' lang='lat' dir='ltr'><strong>summam</strong></span> <span class='ocrx_word' id='word_1_317' title='bbox 764 3907 927 3958; x_wconf 85' lang='lat' dir='ltr'><strong>vertantur</strong></span> <span class='ocrx_word' id='word_1_318' title='bbox 945 3889 1117 3977; x_wconf 61' lang='lat' dir='ltr'><strong>injuriaml&#39;</strong></span> <span class='ocrx_word' id='word_1_319' title='bbox 1136 3897 1234 3972; x_wconf 88' lang='lat' dir='ltr'><strong>Vide,</strong></span> <span class='ocrx_word' id='word_1_320' title='bbox 1256 3917 1336 3957; x_wconf 87' lang='lat' dir='ltr'><strong>nam</strong></span> 
     </span>
     <span class='ocr_line' id='line_1_37' title="bbox 195 3992 1423 4078; baseline -0.003 -18"><span class='ocrx_word' id='word_1_321' title='bbox 195 4009 281 4060; x_wconf 89' lang='lat' dir='ltr'><strong>tanta</strong></span> <span class='ocrx_word' id='word_1_322' title='bbox 302 3998 495 4078; x_wconf 88' lang='lat' dir='ltr'><strong>picturarum</strong></span> <span class='ocrx_word' id='word_1_323' title='bbox 515 3996 648 4059; x_wconf 83' lang='lat' dir='ltr'><strong>varietas</strong></span> <span class='ocrx_word' id='word_1_324' title='bbox 669 4005 700 4057; x_wconf 93' lang='lat' dir='ltr'><strong>et</strong></span> <span class='ocrx_word' id='word_1_325' title='bbox 720 3992 849 4058; x_wconf 79' lang='lat' dir='ltr'><strong>lascivia</strong></span> <span class='ocrx_word' id='word_1_326' title='bbox 868 3998 902 4057; x_wconf 90' lang='lat' dir='ltr'><strong>in</strong></span> <span class='ocrx_word' id='word_1_327' title='bbox 925 3997 1080 4072; x_wconf 84' lang='lat' dir='ltr'><strong>delubris,</strong></span> <span class='ocrx_word' id='word_1_328' title='bbox 1110 4005 1157 4057; x_wconf 90' lang='lat' dir='ltr'><strong>tot</strong></span> <span class='ocrx_word' id='word_1_329' title='bbox 1178 4007 1336 4057; x_wconf 71' lang='lat' dir='ltr'><strong>securam</strong></span> <span class='ocrx_word' id='word_1_330' title='bbox 1422 4027 1423 4040; x_wconf 31' lang='grc' dir='ltr'><strong>κ</strong></span> 
     </span>
     <span class='ocr_line' id='line_1_38' title="bbox 196 4091 1338 4177; baseline -0.001 -20"><span class='ocrx_word' id='word_1_331' title='bbox 196 4097 424 4157; x_wconf 74' lang='lat' dir='ltr'><strong>refectionum</strong></span> <span class='ocrx_word' id='word_1_332' title='bbox 445 4091 604 4158; x_wconf 80' lang='lat' dir='ltr'><strong>Christum</strong></span> <span class='ocrx_word' id='word_1_333' title='bbox 625 4095 839 4177; x_wconf 88' lang='lat' dir='ltr'><strong>profitentium</strong></span> <span class='ocrx_word' id='word_1_334' title='bbox 859 4097 1026 4158; x_wconf 88' lang='lat' dir='ltr'><strong>multitado</strong></span> <span class='ocrx_word' id='word_1_335' title='bbox 1047 4096 1201 4177; x_wconf 80' lang='lat' dir='ltr'><strong>expediat.</strong></span> <span class='ocrx_word' id='word_1_336' title='bbox 1270 4098 1338 4157; x_wconf 89' lang='lat' dir='ltr'><strong>De·</strong></span> 
     </span>
     <span class='ocr_line' id='line_1_39' title="bbox 195 4185 1336 4276; baseline 0.001 -20"><span class='ocrx_word' id='word_1_337' title='bbox 195 4196 292 4276; x_wconf 88' lang='lat' dir='ltr'><strong>nique</strong></span> <span class='ocrx_word' id='word_1_338' title='bbox 314 4205 345 4255; x_wconf 90' lang='lat' dir='ltr'><strong>et</strong></span> <span class='ocrx_word' id='word_1_339' title='bbox 365 4185 465 4255; x_wconf 79' lang='lat' dir='ltr'><strong>nlulu</strong></span> <span class='ocrx_word' id='word_1_340' title='bbox 486 4195 566 4270; x_wconf 84' lang='lat' dir='ltr'><strong>elia,</strong></span> <span class='ocrx_word' id='word_1_341' title='bbox 587 4215 676 4275; x_wconf 90' lang='lat' dir='ltr'><strong>quae,</strong></span> <span class='ocrx_word' id='word_1_342' title='bbox 696 4197 724 4256; x_wconf 90' lang='lat' dir='ltr'><strong>si</strong></span> <span class='ocrx_word' id='word_1_343' title='bbox 741 4195 853 4270; x_wconf 88' lang='lat' dir='ltr'><strong>dicam,</strong></span> <span class='ocrx_word' id='word_1_344' title='bbox 873 4197 939 4258; x_wconf 90' lang='lat' dir='ltr'><strong>dies</strong></span> <span class='ocrx_word' id='word_1_345' title='bbox 959 4213 1010 4256; x_wconf 87' lang='lat' dir='ltr'><strong>rue</strong></span> <span class='ocrx_word' id='word_1_346' title='bbox 1029 4195 1161 4257; x_wconf 81' lang='lat' dir='ltr'><strong>deliciet.</strong></span> <span class='ocrx_word' id='word_1_347' title='bbox 1201 4197 1336 4257; x_wconf 79' lang='lat' dir='ltr'><strong>anstrs</strong></span> 
     </span>
     <span class='ocr_line' id='line_1_40' title="bbox 195 4289 1334 4378; baseline 0 -26"><span class='ocrx_word' id='word_1_348' title='bbox 195 4302 302 4372; x_wconf 84' lang='lat' dir='ltr'><strong>putato</strong></span> <span class='ocrx_word' id='word_1_349' title='bbox 323 4291 554 4372; x_wconf 83' lang='lat' dir='ltr'><strong>expeditionem</strong></span> <span class='ocrx_word' id='word_1_350' title='bbox 574 4305 606 4356; x_wconf 91' lang='lat' dir='ltr'><strong>te</strong></span> <span class='ocrx_word' id='word_1_351' title='bbox 624 4315 736 4378; x_wconf 78' lang='lat' dir='ltr'><strong>parare</strong></span> <span class='ocrx_word' id='word_1_352' title='bbox 755 4289 946 4367; x_wconf 79' lang='lat' dir='ltr'><strong>inTaream,</strong></span> <span class='ocrx_word' id='word_1_353' title='bbox 965 4296 1001 4358; x_wconf 87' lang='lat' dir='ltr'><strong>ni</strong></span> <span class='ocrx_word' id='word_1_354' title='bbox 1019 4289 1097 4358; x_wconf 85' lang='lat' dir='ltr'><strong>haec</strong></span> <span class='ocrx_word' id='word_1_355' title='bbox 1113 4294 1334 4358; x_wconf 83' lang='lat' dir='ltr'><strong>emendaveris</strong></span> 
     </span>
    </p>
   </div>
   <div class='ocr_carea' id='block_1_3' title="bbox 0 0 1438 4724">
    <p class='ocr_par' dir='ltr' id='par_1_4' title="bbox 0 0 1438 4724">
     <span class='ocr_line' id='line_1_41' title="bbox 0 0 1438 4724; baseline 0 3"><span class='ocrx_word' id='word_1_356' title='bbox 0 0 1438 4724; x_wconf 95' lang='lat' dir='ltr'><strong> </strong></span> 
     </span>
    </p>
   </div>
  </div>
 </body>
</html>
