2896 4716
652 167 658 212 l

391 337 994 400 OBSCUR.VIROR.'
1164 343 1225 408 211

141 495 336 570 Willzelmus
356 495 467 554 Storels
480 497 640 574 Magistro
659 495 793 554 Ortuino
813 494 924 556 Gratio
942 495 1072 558 salutem
1090 501 1130 558 P.
1140 485 1184 560 D.

176 646 265 726 Quid
285 654 347 719 est,
376 617 459 726 quod
479 625 612 706 multum
633 644 765 708 scribitis
786 641 865 703 mihi
884 643 923 702 de
941 645 1045 720 vobis,
1074 657 1104 710 et
1124 659 1228 710 tamen

96 770 157 810 non
175 741 416 828 repcaesentstis
437 744 516 804 mihi
536 739 633 805 semol
657 745 748 804 illum
779 743 914 813 librum,
947 765 1039 824 quem
1067 746 1229 828 scripsistis

98 861 202 909 contra
223 849 335 907 Jounn.
351 841 517 903 Ruuchlin.
571 845 612 906 Et
631 841 763 904 scribitis
784 843 880 919 mihi,
902 843 985 924 quod
1005 843 1153 906 habuistis
1172 850 1229 909 bo·-
1252 859 1266 868 ”

98 970 169 1010 uum
190 943 372 1028 ingenium,
393 942 516 1024 quando
539 943 752 1025 composuistis
771 942 862 1002 ilium
884 943 1016 1018 librum,
1046 954 1076 1004 et
1096 947 1229 1024 creditis,

97 1047 177 1130 quod
199 1046 271 1106 talis
290 1044 373 1104 liber
392 1043 452 1102 erit
472 1041 604 1104 multum
626 1043 788 1119 notabilis,
824 1043 867 1102 its
888 1043 971 1122 quod
999 1064 1080 1104 unus
1099 1045 1230 1126 impres·

96 1169 142 1207 sor
163 1145 269 1208 voluit
288 1141 377 1204 vobis
399 1141 472 1200 dare
494 1142 606 1223 viginti
619 1143 768 1218 florenos,
791 1141 874 1222 quod
894 1142 1055 1202 mitteretis
1077 1165 1148 1204 sum
1170 1145 1231 1206 im-

95 1245 251 1327 primere3
287 1253 318 1301 et
338 1239 471 1301 scribitis
491 1239 586 1316 mihi,
623 1243 704 1322 quod
734 1242 830 1301 vultis
857 1240 937 1300 mihi
957 1241 1080 1303 mittere
1100 1246 1230 1326 copiam,

94 1341 175 1425 quod
198 1342 297 1425 debeo
316 1338 477 1400 ostendere
498 1331 549 1400 hie
572 1340 744 1400 Curtissnis
762 1348 792 1398 et
806 1339 956 1420 cepistis,
975 1349 1020 1426 ¹ct
1040 1359 1154 1404 vexare
1171 1366 1231 1405 eos.

95 1443 177 1522 Quia
200 1462 268 1501 non
285 1439 355 1502 vult
375 1439 521 1515 credere,
556 1439 640 1519 quod
659 1439 693 1499 iu
713 1438 857 1500 Almonis
878 1447 951 1498 sunt
973 1440 1065 1499 elium
1087 1441 1131 1501 its
1153 1443 1233 1503 bens
1340 1480 1344 1488 ·

94 1544 227 1616 Poetae,
250 1539 328 1600 sicut
348 1537 383 1596 iu
399 1534 498 1598 Italis.
553 1539 594 1598 Et
614 1548 691 1598 esset
709 1540 843 1613 bonum,
865 1537 949 1618 quod
969 1537 1131 1599 mitteretis
1152 1543 1233 1603 mihi

91 1663 175 1701 eum.
219 1638 281 1699 Sed
300 1657 365 1698 nou
386 1637 507 1712 facitis,
540 1647 693 1699 ettamen
714 1657 835 1717 semper
856 1637 1006 1711 scribitis,
1033 1639 1116 1718 quod
1137 1643 1232 1703 vultis

77 1741 213 1801 iacere.
253 1739 294 1798 Et
311 1755 364 1817 ego
384 1755 460 1816 rogo
480 1752 555 1811 vos,
575 1735 658 1816 quod
678 1735 780 1796 velitis
802 1735 881 1795 mihi
893 1737 1026 1796 *mittero
1045 1735 1125 1797 illud
1134 1740 1233 1802 dicta-

88 1861 172 1900 men
194 1857 249 1897 seu
267 1837 388 1896 librum.
432 1834 516 1913 Quia
545 1836 619 1896 volo
641 1833 693 1894 hic
713 1855 829 1896 vexare
844 1834 968 1920 sliquos
993 1837 1141 1917 copistas,
1177 1841 1232 1921 qui

90 1936 244 2008 credunt,
266 1937 348 2016 quod
370 1955 463 1996 nemo
484 1935 541 1997 scit
556 1932 677 2014 aliquid
697 1955 788 2014 quam
809 1933 879 2016 ipsi.
938 1935 1039 1994 Etiam
1062 1938 1233 2019 reprehen-

91 2039 174 2098 dunt
194 2035 248 2095 hic
270 2035 407 2095 carmina
427 2054 517 2108 mes,
547 2033 669 2114 quaudo
692 2034 799 2115 aliqua*
815 2033 933 2108 scribo,
967 2035 1120 2106 dicentes,
1149 2031 1233 2122 quod

90 2157 157 2197 nou
177 2143 250 2195 sunt
267 2135 348 2195 bene
370 2133 543 2214 compilata.
587 2133 726 2192 videatis
748 2143 865 2206 tamen,
895 2132 921 2192 si
944 2143 988 2193 est
1008 2155 1136 2209 vorum,
1159 2141 1232 2216 quia

90 2235 145 2296 hic
167 2235 257 2293 mitto
286 2232 376 2294 vobis
406 2253 523 2307 uuum,
555 2231 639 2312 quod
658 2231 817 2312 composui
841 2251 958 2310 nuper,
988 2233 1111 2311 quando
1132 2233 1227 2313 Magi·

89 2345 156 2394 ster
182 2342 290 2392 noster
310 2335 495 2413 Hogstrsten
516 2331 657 2404 advenit,
679 2340 709 2390 ct
730 2329 820 2410 posui
841 2330 880 2390 ad
901 2330 1092 2409 Pasquillum
1115 2334 1148 2392 in
1170 2333 1230 2392 ho·-

87 2453 207 2492 norem
234 2431 321 2491 illius
353 2433 504 2490 Doctoris.
570 2429 653 2507 Quia
683 2440 728 2486 est
755 2429 806 2488 vir
834 2427 1014 2507 singularis,
1057 2439 1088 2489 et
1122 2432 1232 2492 desen·
1333 2420 1339 2430 ’Δ
1386 2428 1388 2437 ⁴

88 2532 141 2591 dit
168 2529 282 2588 Fidem
310 2529 498 2590 catholicam
526 2539 632 2588 contra
660 2529 773 2587 multos
798 2527 978 2588 haereticos.
1040 2528 1081 2588 Et
1101 2540 1147 2589 est
1170 2531 1231 2589 tale
1293 2609 1298 2617 ἱ

87 2649 235 2690 carmen.

90 2823 263 2881 Carmen
283 2819 488 2898 Magistri
517 2815 739 2878 Willzelnsi
767 2811 932 2883 Storolr,
961 2813 1231 2878 Daventrien-

89 2926 167 2990 sis,
195 2918 281 3000 quod
296 2921 466 2995 composuit
480 2916 524 2974 ad
541 2918 815 2976 Intronisationem
834 2917 875 2974 R.
898 2917 1012 2974 Patris
1031 2919 1106 2976 Fra.
1125 2918 1232 2979 Jacobs·
1317 2909 1323 2925 ’

132 3021 173 3079 de
187 3023 402 3099 Hogstraten,
428 3016 558 3095 Ordinis
576 3015 837 3076 Praedicatorum
852 3017 1011 3092 Magistri
1025 3020 1142 3086 nostri,
1162 3030 1193 3077 et

370 3118 570 3195 inquisitoris
590 3115 761 3176 haereticae
777 3113 961 3190 pravitatis.

174 3276 298 3334 Notum
311 3275 354 3331 sit
374 3273 427 3330 hic
444 3270 603 3344 omnibus,
633 3272 750 3348 parvis
779 3287 895 3328 necnon
915 3268 1057 3328 senibus:
1180 3329 1184 3344 Χ

179 3373 329 3452 Qualiter
350 3393 433 3430 unus
447 3373 608 3450 Magister
622 3381 743 3438 noster,
771 3369 827 3446 qui
840 3379 885 3425 est
904 3366 1013 3425 ductim
1026 3367 1218 3442 excellenter,

175 3476 223 3534 Et
245 3483 377 3533 vocetur
397 3469 529 3530 lacobus
554 3469 591 3527 de
614 3471 826 3548 Hogstraten,
869 3464 953 3543 quod
974 3477 1019 3524 est
1043 3487 1135 3525 suurn
1154 3488 1231 3545 pro-

509 3569 620 3644 prium
633 3588 751 3633 nomen,
1317 3555 1319 3562 i

70 3735 72 3742 ,
176 3674 240 3732 Est
259 3673 295 3730 in
306 3670 367 3729 hac
382 3669 529 3728 civitate:
552 3679 580 3734 et
595 3667 687 3732 vadit
708 3685 777 3724 cum
793 3679 911 3742 magna
924 3665 1095 3742 gravitate.

175 3769 241 3829 Sed
278 3772 366 3831 venit
399 3789 437 3826 es·
471 3767 642 3828 Almanine
674 3762 837 3842 partibus,
881 3759 935 3820 ubi
962 3760 1088 3840 collegit
1118 3743 1256 3822 multos(
1335 3767 1360 3864 ”k

515 3886 617 3924 068808

176 3971 218 4030 In
237 3986 358 4046 magna
375 3967 567 4044 quontitate,
596 3975 626 4022 et
652 3965 686 4024 in
704 3954 770 4020 una
790 3961 1004 4021 Universitate
1022 4006 1044 4034 „

180 4068 319 4128 suadem
327 4066 427 4145 fugit
442 4063 639 4143 gruduetus,
668 4075 698 4122 et
713 4065 748 4120 in
766 4061 931 4138 Theologia
946 4057 1161 4139 qualificatus,

108 4159 113 4166 ¹
179 4170 268 4248 Quin
290 4164 337 4224 ibi
357 4163 519 4241 subtiliter
536 4162 735 4246 disputarit,
773 4172 802 4218 et
821 4161 935 4246 multos
954 4161 1148 4238 syllogismos
1158 4155 1245 4240 for·-¹

515 4265 618 4325 movit

959 4352 1028 4420 14*
