2872 4722
203 347 266 419 1‘02
451 428 453 436 s
565 353 966 416 urrsronse

203 507 311 586 Deos,
350 510 439 574 valde
459 508 630 592 jucundum
651 521 696 572 est
724 530 827 576 amare
852 509 1016 585 mulieres,
1054 494 1223 570 secundom
1249 505 1332 580 illud

205 598 330 672 carmen
351 610 503 671 Samuelis
521 613 649 672 Poetae:
668 611 779 685 Disce,
798 611 879 671 bone
898 608 1036 683 Clerice,
1062 608 1198 690 virgines
1216 629 1330 674 amare,

205 710 279 792 quia
300 710 402 770 sciunt
422 710 525 772 dulcia
547 711 653 771 oscula
672 721 845 791 praestare,
865 709 1058 788 juventutem
1079 707 1223 768 floridam
1244 719 1331 768 tuam

205 829 396 873 conservare.
438 809 522 888 Quia
543 829 630 870 amor
651 819 696 869 eat
714 808 863 884 charitas,
884 819 916 867 et
935 809 1022 868 Deus
1041 818 1088 866 est
1108 805 1259 867 ebaritas:
1282 826 1331 866 er-

203 929 242 992 go
274 929 363 969 amor
393 927 458 970 uon
493 909 576 970 mala
605 929 663 972 res.
719 907 853 969 Solvatis
884 905 964 966 mibi
994 904 1075 966 illud
1107 913 1331 986 argumentum.

204 1008 306 1070 Etiam
326 1007 403 1069 dicit
422 1007 590 1068 Salomon:
631 1007 693 1082 „Si
721 1006 842 1068 dederit
863 1005 957 1067 bomo
985 1025 1107 1066 omnem
1132 1003 1332 1064 substantiam

204 1109 312 1171 domus
331 1126 405 1166 suae
423 1126 482 1187 pro
502 1105 683 1180 dilectione,
719 1105 807 1186 quasi
835 1091 917 1166 nibil
935 1104 1088 1186 despiciet
1105 1105 1207 1164 eam.“
1270 1101 1333 1161 Sed

203 1206 416 1290 permittamus
434 1206 508 1280 ista,
529 1215 562 1266 et
579 1205 740 1267 veniamus
759 1205 799 1265 ad
818 1204 888 1265 alia.
927 1204 1067 1286 Rogastis
1087 1223 1152 1278 me,
1173 1201 1256 1283 quod
1277 1201 1333 1260 de·

203 1307 310 1368 berem
331 1303 419 1366 robis
438 1325 521 1366 nova
541 1303 729 1386 significare:
747 1323 820 1385 ergo
843 1303 962 1378 sciatis,
982 1303 1065 1383 quod
1084 1302 1144 1382 jam
1164 1302 1198 1362 in
1214 1299 1332 1362 caruis-

205 1407 319 1488 privio*
331 1406 396 1467 fuit
414 1403 466 1465 bic
486 1424 595 1486 magna
616 1403 742 1465 laetitia.
801 1404 844 1463 Et
864 1403 926 1464 fuit
944 1401 1160 1474 hastiludium,
1189 1409 1220 1459 et
1237 1399 1332 1459 Priu-

205 1526 276 1587 ceps
300 1516 363 1565 met
384 1505 534 1585 equitavit
553 1505 588 1564 in
608 1503 694 1576 foro,
734 1511 766 1563 et
786 1501 896 1563 babuit
915 1484 1080 1582 pulchrum
1101 1500 1257 1561 andallum
1277 1498 1333 1558 de·

204 1625 321 1686 super,
336 1615 367 1664 et
384 1604 419 1664 in
439 1622 501 1683 quo
522 1602 586 1662 fuit
604 1601 688 1681 pieta
704 1621 766 1661 una
787 1602 900 1661 mulier
919 1621 988 1660 cum
1011 1620 1121 1680 magno
1143 1609 1285 1684 ornatu,
1300 1605 1332 1655 et
1424 1637 1425 1650 ,

127 1721 131 1726 ·
204 1702 293 1783 juxta
310 1701 409 1784 ipsam
436 1699 516 1760 sedit
541 1699 666 1780 quidam
691 1699 814 1778 juvenis
841 1699 877 1759 in
898 1699 1005 1780 crispis
1026 1700 1178 1774 crinibus,
1204 1697 1260 1779 qui
1281 1716 1332 1755 or-
1424 1723 1425 1726 ¹

204 1801 360 1884 gauizavit
376 1799 421 1873 ei,
441 1799 611 1859 secundum
630 1797 839 1858 Psalmistam:
882 1799 1036 1875 „iuvenes
1058 1810 1088 1858 et
1108 1797 1261 1880 virgines,
1283 1816 1333 1855 se-

205 1919 261 1962 nes
283 1919 354 1962 oum
373 1897 549 1978 junioribus
571 1897 697 1959 laudent
715 1917 829 1958 nomen
849 1896 1012 1958 Domini.“
1045 1898 1086 1957 Et
1102 1897 1224 1978 quaudo
1238 1896 1333 1957 Prin-

205 2019 277 2080 ceps
296 1997 437 2060 venitin
460 1997 631 2071 civitatem,
654 2005 729 2057 tuno
749 1997 942 2058 Universitas
954 1997 1161 2058 intromisavit
1175 2017 1247 2056 eum
1261 2016 1333 2056 cum

205 2118 316 2179 magna
334 2096 550 2177 processione,
588 2105 619 2158 et
646 2095 729 2156 cives
758 2097 967 2156 braxaverunt
993 2098 1121 2157 multam
1142 2097 1332 2169 cerevisiam,
1425 2129 1426 2152 ι

187 2229 190 2237 1
207 2208 237 2258 et
257 2195 504 2278 propinaverunt
524 2195 628 2255 dulcia
648 2195 779 2270 cibaria,
800 2205 831 2254 et
850 2195 929 2254 bene
950 2195 1135 2276 dapiverunt
1154 2196 1332 2277 Principem
1425 2185 1426 2188 ¹

207 2307 239 2360 et
257 2315 365 2356 omnes
386 2293 535 2368 curiales,
557 2304 588 2355 et
609 2303 715 2376 postea
735 2293 969 2370 chomanorum,
993 2303 1024 2354 et
1044 2313 1099 2376 ego
1119 2297 1190 2356 steti
1210 2295 1245 2355 in
1267 2315 1330 2355 uno

207 2393 411 2475 eonspioollo,
433 2394 518 2474 quod
535 2394 624 2474 potui
643 2393 761 2456 videre.
820 2392 893 2452 Nou
913 2393 977 2453 acio
998 2393 1109 2475 plura,
1137 2414 1229 2474 quam
1250 2394 1340 2475 quod

208 2505 287 2585 opto¹
307 2494 395 2556 vobis
424 2495 528 2556 omnia
553 2495 647 2556 bona:
689 2503 720 2554 et
746 2491 847 2556 valete
871 2492 907 2553 iu
931 2493 1058 2554 nomine
1082 2493 1221 2554 Domini.
1284 2494 1334 2554 Ex
1426 2531 1427 2534 =

207 2593 369 2677 Lypuick.

332 2762 379 2820 M.
399 2761 532 2820 Ioannes
551 2758 728 2822 Kroboeius
748 2762 779 2820 S.
799 2761 842 2820 D.
861 2763 910 2822 M.
930 2761 1065 2824 Ortuino
1090 2764 1208 2824 Gratia.

181 2945 184 2950 .
255 2908 260 2919 ¹
290 2893 453 2955 Excellens
473 2895 544 2964 Vir,
565 2895 735 2958 secundum
750 2897 837 2980 ,quod
858 2898 908 2959 fui
928 2909 1001 2960 ante
1019 2899 1097 2960 dnos
1115 2919 1211 2961 annos
1229 2900 1335 2962 vobis-

179 3042 182 3049 .
206 3010 281 3054 eum
303 2993 338 3052 in
360 2993 507 3069 Colonia,
545 3004 576 3056 et
596 3017 652 3057 vos
672 2997 793 3075 dixistis
813 2997 910 3073 mihi,
945 3000 1027 3079 quod
1049 3021 1169 3082 semper
1189 3000 1334 3061 deberem

208 3091 297 3153 vobis
317 3091 468 3167 scribere,
488 3093 666 3177 ubicunque
688 3117 799 3172 essem,
820 3097 864 3156 sio
884 3095 947 3176 jam
969 3097 1094 3159 notifico
1115 3102 1218 3174 vobis,
1253 3099 1335 3180 quod

209 3189 317 3252 audivi
339 3191 378 3253 de
407 3201 506 3254 morte
531 3193 624 3255 unius
655 3196 904 3278 excellentissimi
930 3198 1097 3278 Theologi,
1131 3199 1186 3278 qui
1208 3209 1336 3260 vocatur

209 3291 358 3370 Magister
377 3302 499 3362 noster,
522 3295 681 3354 Heckmon
702 3297 742 3356 de
762 3297 943 3372 Franconia,
963 3299 1017 3378 qui
1037 3298 1100 3359 fuit
1118 3319 1200 3359 unus
1217 3299 1337 3379 princi-

209 3391 289 3472 palis
310 3379 391 3469 vir,
422 3402 453 3454 et
474 3403 614 3474 tempore
641 3415 711 3455 meo
738 3395 801 3456 fuit
826 3395 873 3455 ibi
890 3396 1021 3472 Rector,
1061 3407 1091 3457 et
1111 3398 1174 3458 fuit
1191 3397 1337 3468 inimicus

211 3491 350 3551 omnium
370 3493 545 3554 Poetarum
557 3495 761 3570 secularium,
789 3505 820 3557 et
838 3495 901 3556 fuit
919 3495 971 3557 vir
990 3497 1125 3571 zelosus,
1153 3507 1184 3558 et
1203 3498 1337 3562 libenter

211 3591 380 3652 celebravit
404 3589 565 3654 blissas'et
587 3594 710 3674 quando
732 3593 833 3655 tenuit
850 3594 1049 3657 Rectoramm
1074 3599 1234 3673 Viennae„
1264 3607 1339 3657 tono

211 3689 347 3752 servavit
361 3691 522 3770 ‘supposita
541 3692 576 3752 in
597 3712 707 3772 magno
726 3693 845 3773 rigore:
873 3703 905 3753 et
922 3695 985 3756 fuit
1003 3696 1175 3756 laudabilis.
1236 3697 1341 3756 Semel

212 3787 301 3850 venit
314 3807 402 3850 'unns
416 3790 517 3850 socius
540 3809 581 3850 ex
600 3791 758 3865 Moravia,
796 3793 919 3871 quando
941 3813 998 3875 ego
1020 3795 1070 3856 fui
1094 3797 1256 3871 Viennae,
1283 3797 1339 3876 qni

118 3911 124 3921 κ
213 3887 305 3948 debet
326 3907 391 3950 esse
410 3887 519 3962 Poeta,
541 3899 572 3950 et
592 3891 714 3972 scripsit
735 3891 826 3953 etiam
847 3902 963 3968 metra,
993 3903 1025 3955 et
1040 3895 1143 3955 voluit
1163 3895 1266 3975 legere
1286 3915 1339 3955 ar-

213 3995 277 4046 tem
296 3986 519 4068 metrifieandi,
542 3998 574 4049 et
592 4009 656 4050 non
674 3989 737 4051 fuit
756 3990 937 4052 intitulatus.
996 3995 1087 4054 Tune
1106 3995 1173 4074 ipse
1192 3995 1341 4076 Magister

213 4095 318 4147 noster
336 4087 499 4147 Heckman
517 4087 679 4168 probibuit
699 4089 744 4164 ei,
766 4093 882 4172 etipse
902 4092 965 4153 fuit
983 4093 1028 4155 ita
1046 4104 1234 4175 praetentus,
1257 4093 1342 4174 quod

214 4202 279 4244 non
303 4185 406 4246 voluit
434 4205 544 4246 curare
569 4189 746 4249 mandatum
774 4191 847 4270 ejus.
917 4193 1008 4252 Tune
1038 4194 1152 4254 Rector
1178 4193 1343 4274 probibuit

215 4283 396 4363 suppositis,
417 4284 501 4364 quod
520 4303 584 4348 non
605 4285 753 4352 deberent
772 4292 899 4356 visitare
919 4291 984 4373 ejus
1012 4293 1186 4356 lectionem.
1240 4296 1342 4372 ,Tune
