2846 4716
1091 99 1113 136 ὃ

63 364 65 368 ·
180 344 245 414 524
389 335 549 406 ΟΒΑῚἾΟ
569 335 629 404 'An
649 330 1077 404 cnuonunfMArtMUM.
1159 366 1163 376 ·

184 507 247 583 dit,
289 523 365 588 quae
400 515 446 563 tot
472 501 558 561 annis
571 497 711 561 -alrradit
725 489 729 509 ‘
745 501 1013 582 tamenim-copia
1056 487 1309 560 sacerdotiorum?
1405 517 1406 563 t

184 607 365 686 Quanquam
391 599 470 662 illud
502 601 596 684 magis
617 601 715 661 fuerat
733 598 943 676 extruendum,
965 600 1049 680 quod
1075 603 1154 660 intra
1176 621 1232 660 uos
1259 613 1308 673 e'st,
1405 617 1406 622 ¹

184 726 294 788 nempe
314 704 415 764 aninri.
465 701 580 784 Magis·
595 721 632 763 eo
653 683 797 784 gauderet
819 701 910 762 divus
937 699 1058 778 Petrus,
1093 721 1183 780 quam
1202 697 1309 778 lapidi-

183 809 242 868 bus
264 819 295 866 et
314 803 417 886 lignis.
461 801 660 863 Commendat
680 801 770 863 divus
790 801 996 881 Hieronymus
1018 801 1310 882 episcopumquen-

185 907 271 984 darn,
294 905 378 986 quod
397 903 484 964 famis
506 908 640 985 ternpore
661 923 734 963 vasa
751 901 860 984 templi
879 901 1073 976 vendiderat,
1100 921 1139 959 ne
1162 898 1238 980 quid
1258 897 1309 956 de·

186 1020 265 1069 esset
285 1005 492 1088 pauperibus·
525 1003 566 1064 Et
593 1003 677 1064 idem
697 1000 873 1066 faciundum
901 1001 1004 1062 multis
1030 1002 1212 1084 argumentis
1241 1019 1311 1058 eon·
1406 993 1407 1020 ¹

185 1107 284 1169 tendit
343 1105 521 1166 Ambrosius
548 1103 582 1162 in
615 1126 652 1165 eo
686 1098 765 1164 libro
775 1148 786 1177 ,
806 1123 907 1184 ¹quem
925 1098 1096 1184 inscripsitr
1130 1099 1169 1160 da
1199 1098 1311 1160 officiis.

186 1208 242 1297 ῌΙο
271 1225 376 1269 omnes
410 1203 521 1270 malleo
538 1205 637 1286 perire
665 1203 770 1263 inedia
798 1223 962 1286 pauperes,
992 1215 1027 1263 ut
1053 1223 1142 1262 sunm
1171 1197 1314 1280 ternplum
1407 1247 1408 1294 ἶ

186 1308 347 1392 magnifiee
374 1320 455 1368 esset
491 1317 668 1376 extructum.
718 1303 811 1381 Quod
841 1317 995 1383 uteunque
1029 1316 1130 1362 tamen
1157 1300 1315 1362 ferendum
1407 1299 1408 1308 ’

187 1422 275 1484 esset,
295 1399 329 1468 si¹
341 1401 376 1466 in
401 1403 559 1466 basilicam
583 1405 777 1480 conferretur,
798 1423 861 1466 non
882 1405 916 1468 iu
931 1416 1075 1480 casuum,
1095 1403 1128 1462 in
1150 1415 1264 1476 scorta,
1284 1400 1315 1458 in

186 1527 330 1594 pompam
351 1521 383 1566 et
404 1504 521 1572 luxum.
563 1503 666 1566 Nostis
695 1505 836 1580 sonasse,
873 1503 959 1585 quod
980 1523 1078 1585 nuper
1096 1501 1268 1583 Pasquillus
1290 1513 1317 1560 et

187 1610 350 1672 Vadiseus·
368 1607 523 1672 dixerint·
561 1604 712 1681 Christus,
747 1606 831 1681 eujus
866 1625 900 1664 se
920 1597 973 1663 ille
986 1611 1195 1668 ‚successorem
1223 1602 1316 1680 jactat,
1408 1665 1409 1676 χ

187 1712 222 1774 in
241 1724 320 1771 terra
335 1729 397 1769 non
413 1707 534 1783 habuit,
557 1707 611 1767 ubi
633 1718 722 1786 caput
736 1725 824 1766 suum
844 1702 1012 1766 reclinaret.
1032 1704 1153 1766 Electus
1168 1706 1204 1764 in
1217 1726 1317 1787 regem

189 1811 315 1894 aufugit.
366 1805 541 1888 Discipulos
578 1804 699 1881 docuit,
742 1799 965 1888 paupertatem,
1005 1805 1216 1868 humilitatem.
1266 1807 1317 1866 llle

190 1912 280 1973 aedes
301 1909 360 1971 sibi
392 1907 503 1968 extruit
522 1905 840 1988 magnificentissimas.
882 1905 960 1984 Quis
988 1908 1130 1984 vestrum,
1153 1907 1316 1990 Prinuipes,

188 2027 251 2074 tam
288 2003 493 2090 sumptuosam
524 2021 554 2069 et
589 2002 750 2088 spectatam
777 2003 873 2069 habet
902 2015 1017 2086 aream,
1069 2023 1104 2070 ut
1131 2007 1185 2068 ille
1213 2029 1316 2070 servo·
1409 2089 1410 2096 ἵ

190 2105 409 2174 rum‘servus?
451 2107 529 2184 Quis
548 2109 681 2172 vestrum
695 2120 741 2168 tot
759 2105 913 2186 satellites,
933 2121 978 2170 tot
991 2124 1128 2192 satrapas,
1148 2123 1195 2172 tot
1208 2107 1317 2170 mulio·
1409 2097 1410 2110 ¹

191 2231 264 2289 nee,
284 2225 319 2272 ut
340 2205 420 2272 ille?
464 2208 549 2286 Quae
577 2208 636 2269 hoe
664 2227 791 2288 usquam
818 2207 941 2270 historia
961 2211 1063 2292 prodit
1080 2211 1119 2270 de
1139 2207 1318 2293 Apostolis?

192 2311 459 2377 christoforum
486 2308 683 2370 tribuendum
713 2307 856 2370 nonnihil
877 2309 960 2390 quod
979 2311 1072 2388 deus,
1106 2311 1260 2372 non-dieo
1283 2311 1319 2370 de

191 2415 256 2477 suis
277 2413 366 2474 etiarn
387 2411 623 2471 antecessoribus
642 2409 765 2491 primis,
803 2409 856 2489 qui
884 2428 955 2471 eum
975 2410 1082 2472 luxum
1099 2395 1201 2492 'quam
1222 2413 1320 2476 maxi-
1410 2467 1411 2486 ,

186 2537 242 2596 ,me
263 2529 335 2577 sunt
355 2512 504 2574 deteltati.
544 2511 587 2574 Ut
616 2509 859 2586 detentarum,
885 2524 921 2572 ut
954 2509 1044 2577 liceat
1067 2509 1168 2595 largiri
1196 2512 1320 2593 aliquid,

193 2617 292 2699 primo
310 2609 535 2697 providendum
556 2623 617 2688 est,
652 2631 692 2671 ne
722 2606 797 2690 quid
824 2624 937 2672 temero
953 2611 1192 2694 profunderem,
1208 2635 1321 2693 neque

194 2715 382 2778 eonleramus
410 2713 452 2772 in.
465 2710 617 2793 indignos.
666 2711 751 2772 Idem
778 2711 860 2772 eninr
891 2714 1037 2796 flagitium
1060 2728 1121 2791 est,
1158 2735 1233 2796 opes
1249 2705 1323 2774 ‘curn
1400 2793 1403 2803 ι

200 2815 353 2878 dedecore
375 2812 527 2889 nancisei,
547 2826 577 2874 et
596 2814 675 2873 bene
695 2826 792 2895 partas
814 2811 892 2874 mals
912 2813 1069 2876 collomre.
1123 2815 1204 2875 Sunt
1224 2837 1323 2876 xeno-

196 2917 324 2992 dochia,
355 2927 425 2976 sunt
445 2935 608 2999 pauperes,
640 2913 693 2993 qui
713 2913 752 2972 ad
773 2915 882 2997 stipun
911 2913 1117 2992 obambulant,
1153 2930 1226 2976 sunt
1243 2916 1323 2976 cives

194 3013 356 3096 inquilini,
394 3035 430 3076 eo
453 3013 604 3074 interdum
619 3015 824 3096 pauperiores,
844 3034 906 3096 quo
934 3017 1114 3091 erubescunt
1133 3017 1323 3076 emendicare

196 3116 361 3198 quippiam.
410 3113 489 3174 Sunt
518 3113 647 3176 infantes
663 3131 665 3135 ·
684 3116 843 3199 expositii,
879 3115 1017 3194 uiduae,
1059 3117 1148 3179 orbae
1177 3117 1321 3199 virgines.

196 3219 275 3280 Suut
298 3213 473 3277 Sacerdotes
503 3227 533 3275 et
561 3213 716 3293 Monaehi,
749 3237 878 3301 quorum
905 3230 986 3278 tanta
1015 3217 1101 3300 eopia
1121 3231 1183 3293 est,
1217 3231 1253 3278 ut
1272 3215 1322 3278 vel

197 3317 271 3381 solis
291 3317 348 3379 vix
367 3327 431 3376 tota
461 3313 616 3376 suffecerit
643 3315 812 3378 Germania.
870 3317 955 3395 Quid
979 3318 1088 3379 frustra
1105 3317 1323 3399 expendemus

196 3421 241 3482 in⁴
251 3438 313 3494 eos,
335 3415 446 3496 quibus
466 3415 614 3478 debemus
629 3417 753 3480 omnino
774 3413 948 3479 nilrill·vel
962 3440 1022 3500 quo
1038 3417 1158 3479 tandem
1171 3418 1237 3494 jure
1252 3417 1323 3478 haee

197 3512 368 3581 debemus?
416 3514 497 3578 Nola
517 3516 593 3578 milri
621 3517 672 3587 hio
697 3516 855 3582 offundant
883 3539 953 3580 suas
967 3519 1155 3595 traditiones,
1177 3539 1253 3599 quas
1273 3519 1320 3599 ip-

197 3619 287 3680 simet
306 3617 483 3678 finxerunt.
516 3617 748 3700 &edlingamns
786 3611 886 3678 adhue
913 3617 1044 3699 aliquam
1073 3619 1323 3680 constitutiuueu-

196 3716 257 3780 laur
281 3737 356 3794 esse,
378 3715 534 3796 quaalroo
554 3719 733 3800 praecipiat,
754 3719 822 3799 quis
842 3737 905 3780 non
924 3719 1010 3780 videt
1029 3717 1101 3779 ideo
1125 3719 1246 3796 deberi,
1268 3718 1320 3778 nisi

196 3801 321 3904 propter
341 3813 501 3894 dodum?
520 3818 638 3880 litatum
657 3831 703 3880 est
721 3818 820 3897 amm,
854 3821 972 3902 nequi
987 3817 1184 3902 evangelium
1207 3837 1319 3878 amun-

199 3923 277 3998 ciat,
298 3919 338 3982 de
371 3915 532 4000 evangelio
558 3932 590 3980 et
617 3919 713 3981 vitat.
739 3919 825 3981 ·se‹t
845 3922 900 3982 uhi
930 3916 1146 4006 evangelium?
1187 3921 1243 3981 ubi
1269 3940 1320 4001 pa-

98 4078 101 4091 .
201 4021 291 4086 atonis
314 4014 442 4081 officia?
483 4018 538 4078 ubi
559 4017 892 4104 exempla-patientiae,
913 4022 1085 4100 doetrinae,
1119 4019 1321 4092 mansuetudi-

197 4121 265 4198 nis,
278 4117 373 4193 =frdei,
418 4117 646 4196 conmiserint,
661 4118 828 4184 eastitatis?
868 4123 959 4200 Quis-
974 4137 1108 4192 vestmm
1136 4131 1195 4186 tant
1227 4139 1322 4183 amens

201 4232 257 4294 ert,
276 4231 312 4282 ut
332 4231 422 4314 serso
443 4215 559 4298 aliquid
578 4220 721 4282 adhaeret
740 4221 819 4282 nilril
831 4220 1003 4307 operantil·
1022 4224 1119 4287 Nemo
1138 4223 1220 4286 auio..
1242 4221 1321 4299 Qua·

200 4312 261 4390 ra?
277 4345 281 4353 ·
299 4314 454 4396 Quian
476 4323 698 4407 nortamanni
716 4323 796 4386 nihil
816 4324 932 4404 dotet,
944 4323 1129 4400 daresuten
1144 4325 1184 4402 ei,
1206 4321 1255 4408 aar·
1275 4319 1321 4383 ni-
