2872 4722
402 241 674 324 oosou'u.
716 235 939 324 virson.
1167 235 1228 328 no

103 419 315 510 quodadhuc
335 401 414 480 liene
434 429 498 494 sto,
518 418 557 478 de
575 417 681 478 Gratia
701 417 776 479 Dei:
818 419 902 480 etin
920 419 977 480 ista
997 418 1160 482 vindemio
1173 423 1228 483 da-

102 520 260 580 torculavi
281 518 414 578 multum
436 519 562 590 vinum,
595 527 626 578 et
652 517 687 576 in
709 518 873 580 frumentis
894 518 991 578 habeo
1010 519 1122 580 bonam
1144 515 1228 581 suffi-

3 649 4 654 1
103 619 260 679 cientium.
322 618 384 676 Sed
404 617 442 677 dc
462 615 650 678 novitatibus
668 616 789 690 scitote,
830 618 912 698 quod
932 618 1141 678 serenissimus
1160 621 1227 678 Do-

103 719 210 778 minus
230 717 409 797 Imperator'
422 709 516 776 mittit
538 735 682 794 magnum
696 711 847 796 populum
868 717 903 776 in
920 717 1138 798 Lombardiam
1152 738 1228 776 oon·

101 801 152 878 lra
173 817 390 890 Venetiauos,
412 825 443 874 et
462 815 530 875 vult
550 835 603 874 eos
622 815 776 895 corrigere
795 836 853 896 pro
872 815 1015 896 superbia
1035 838 1098 876 sua.
1163 819 1227 896 Ego
1312 851 1316 860 ·

105 917 173 976 vidi
193 916 358 976 bene=tluo
380 913 480 974 millia
501 934 571 974 oum
587 899 648 974 sex
669 913 804 992 baniris,
848 924 879 976 et
904 913 1080 976 habuerunt
1099 935 1156 996 pro
1179 915 1228 974 di-

104 1015 205 1075 midio
223 1014 381 1095 cuspides,
404 1021 435 1071 ot
454 1033 514 1092 pro
534 1013 663 1084 dimidio
683 1013 804 1094 pixides
823 1033 879 1072 seu
900 1013 1090 1090 bombardas,
1112 1024 1142 1074 et
1157 1015 1229 1075 fue⁴

102 1123 181 1173 runt
198 1113 270 1172 sotis
289 1111 457 1179 terribiles>
494 1121 525 1171 ct
543 1112 718 1172 habuerunt
738 1111 845 1172 scissus
864 1112 973 1191 caligas
984 1143 1010 1186 ,1
1036 1122 1067 1173 et
1087 1113 1229 1175 fecerunt
1321 1161 1324 1166 .

104 1213 203 1280 multa
223 1212 337 1271 damna
355 1207 477 1270 rusticis
500 1219 532 1270 et
551 1210 695 1284 villanis,
729 1223 759 1270 et
778 1210 921 1270 homines
939 1210 1121 1287 dixerunt,
1146 1215 1229 1292 quod

103 1313 241 1383 vellent,
260 1309 342 1388 quod
362 1328 468 1392 omnes
488 1305 749 1370 interficerentur:
773 1311 827 1369 sed
855 1329 910 1390 ego
930 1319 1020 1390 opto,
1041 1311 1125 1392 quod
1144 1311 1229 1372 redi-

104 1410 203 1478 bunt
207 1423 282 1468 curn
308 1407 445 1468 sanitate
486 1407 614 1469 Mittatis
637 1408 716 1468 mihi
742 1407 894 1468 comisto
921 1411 1032 1469 nuntio
1053 1397 1228 1473 formalita-

104 1517 151 1566 tes
173 1517 206 1566 et
223 1491 445 1570 distinctiories
460 1505 560 1580 Secti,
597 1527 671 1586 quas
697 1507 868 1588 composuit
886 1508 1040 1584 Brulifer,
1075 1519 1106 1570 et
1136 1511 1228 1569 etiam

104 1606 242 1684 clipeum
264 1604 522 1665 Themistarum
513 1624 546 1662 ιη
566 1605 656 1664 litera
675 1605 812 1678 Aldi,
788 1627 814 1664 si
824 1606 949 1687 potestis
960 1626 1107 1687 reperire
1125 1607 1227 1668 Etiam
1294 1643 1297 1649 -

102 1706 224 1764 vellem
242 1705 371 1764 libenter
391 1703 498 1765 videre
516 1704 642 1763 modum
664 1703 883 1780 metrificandi,
912 1725 1004 1792 quem
1025 1708 1081 1766 vos
1101 1726 1227 1787 compo-

104 1804 221 1862 suistis.
282 1804 321 1863 Et
339 1803 430 1863 emite
448 1802 527 1860 mihi
547 1803 719 1862 Boeti-'um
708 1825 743 1862 ιη
763 1806 905 1864 omnibus
924 1807 986 1864 suis
1005 1805 1167 1885 operibus,
1186 1815 1227 1866 et

104 1903 275 1984 praecipue
296 1902 333 1962 de
352 1901 516 1982 disciplina
536 1901 746 1976 Scholarium,
779 1913 809 1964 et
831 1905 869 1964 de
890 1904 1097 1965 consolatione
1118 1880 1237 1964 Philo!

103 2001 251 2081 sophica,
275 2021 354 2061 cum
367 2008 550 2060 ‘commento
568 1999 712 2060 Doctoris
733 2003 849 2079 sancti3
885 2011 915 2062 et
941 2023 1013 2070 cum
1033 2001 1093 2064 hoo
1114 2003 1224 2078 valete,

105 2100 294 2164 ethabeatis
312 2120 364 2160 me
384 2098 637 2160 commendatum.
678 2099 727 2160 Ex
739 2102 887 2182 Augusta.
1178 2093 1184 2113 '

165 2218 170 2278 i
207 2267 257 2328 M.
275 2264 452 2343 Philippus
473 2251 647 2342 Scorpionis
669 2267 700 2324 S.
720 2229 762 2330 D.
780 2222 980 2332 Msormino
999 2267 1118 2332 Gratia.
1173 2224 1178 2232 Ι

105 2433 112 2466 ·,
187 2400 276 2462 Sicut
295 2400 402 2480 scripsi
422 2400 635 2480 vobis'sssaepe,
658 2387 831 2485 egohabeo
853 2401 1040 2476 molestiam,
1061 2401 1144 2481 quod
1167 2401 1224 2460 ista

100 2499 284 2574 Ribaldria,
305 2499 564 2560 scilicesfacultas
584 2496 765 2574 Poetarum,
802 2500 1045 2574 incommune,
1079 2499 1110 2558 ei
1130 2521 1223 2580 auge-

100 2612 154 2660 tur
176 2619 237 2685 per¹
257 2619 360 2658 omnes
379 2599 553 2678 provincias
575 2609 605 2658 et
624 2597 774 2678 regiones..
814 2603 968 2682 'Iemporc
987 2619 1056 2658 meo
1077 2598 1140 2659 fnit
1153 2608 1223 2658 tan-

100 2709 170 2758 tum
192 2717 274 2758 unus
294 2699 402 2772 Poeta,
423 2697 476 2776 qui
490 2708 629 2759 vocatus
643 2697 703 2780 fnit
724 2685 858 2760 Samuel.
904 2701 944 2759 Et
964 2719 1047 2758 nunc
1067 2696 1166 2757 solum
1187 2697 1222 2756 in

100 2799 160 2858 ista
179 2797 303 2858 civitate
325 2797 402 2856 sunt‘
416 2798 495 2858 benc
517 2796 658 2877 viginti,·
681 2809 710 2857 et
729 2811 843 2858 vexant
862 2807 1058 2871 nos'omnes,
1091 2780 1155 2882 qui
1174 2804 1222 2856 te·-

101 2918 210 2956 nemus
231 2896 476 2975 cunsfantiquis.¹
502 2899 574 2977 -Ego
593 2917 694 2978 nuper
712 2897 838 2958 realiter
858 2895 1003 2978 expedivi
1022 2915 1136 2969 unum,
1151 2887 1226 2982 ·qui

101 2997 203 3070 dixit,
242 2991 325 3075 quod
346 2995 502 3056 Scholaris·
525 3017 589 3054 non
610 2995 760 3076 significat
778 2996 974 3077 personam,
994 2993 1049 3074 qui
1076 2993 1162 3055 vadit
1182 2991 1222 3052 ad

100 3096 219 3158 scholas
239 3095 377 3154 discendi
398 3115 503 3166 causa,
523 3107 555 3154 et
572 3093 637 3154 dixi
648 3118 658 3154 ε·
675 3093 787 3168 Asine,
806 3094 854 3154 vis
875 3105 911 3154 tu
930 3095 1084 3174 corrigere
1104 3095 1222 3152 Docto-

100 3216 168 3256 rem
188 3203 341 3266 sanetum,
369 3193 423 3273 qui
441 3193 531 3273 ponit
549 3194 637 3254 istam
658 3193 846 3254 dictionem?
885 3195 995 3254 Postea
1014 3191 1135 3272 scripsit
1154 3191 1221 3271 ipsc

100 3314 199 3354 unam
216 3291 403 3353 invectivam
423 3293 545 3364 adme,
566 3299 597 3351 ct
616 3291 719 3372 posuit
738 3291 1056 3374 multa'opprobrioss
1076 3289 1166 3364 dicta,
1188 3300 1219 3349 et

101 3392 197 3466 dixit,
219 3391 302 3472 qnod
321 3409 386 3450 non
405 3405 472 3450 suni
494 3393 727 3476 Grammaticus
738 3392 854 3458 bonus,
880 3391 953 3471 quia
971 3408 1036 3448 non
1056 3392 1140 3448 reete
1162 3408 1240 3447 exv

100 3491 189 3572 posui
208 3491 267 3550 ista
285 3489 460 3566 vocabula,
475 3490 597 3570 quando
616 3490 783 3570 praetioavi
802 3493 836 3554 in
856 3490 957 3570 prima
975 3495 1064 3568 parte
1083 3486 1219 3555 Alexan-

102 3587 164 3664 dri,
186 3588 273 3649 etin
294 3588 374 3648 libro
394 3575 432 3650 de
451 3589 550 3648 modis
569 3588 770 3670 significandi.
820 3588 861 3646 Et
878 3587 952 3647 volo
978 3584 1066 3646 vobis
1084 3584 1218 3645 seribere

102 3689 275 3748 formaliter
294 3687 365 3746 illos
386 3687 550 3760 terminos,
568 3689 655 3768 quod
676 3686 791 3749 debetis
812 3686 934 3761 videre,
954 3684 1038 3766 quod
1057 3693 1141 3744 recte
1161 3705 1217 3744 ex-

102 3787 188 3866 posui
207 3786 377 3846 secundum
398 3805 504 3846 omnes
518 3787 739 3860 vocabularios,
760 3786 844 3846 etad
863 3787 923 3850 hoc
942 3803 1065 3869 possum
1086 3783 1218 3863 allegare

103 3887 290 3946 authenticos
304 3897 441 3962 autores,
460 3886 552 3947 etiam
565 3886 607 3947 'in
627 3886 804 3966 Theologia.
828 3887 883 3950 ,Et
902 3884 1004 3964 primo
1024 3881 1107 3944 dixi:
1130 3883 1217 3942 Seria
1268 3889 1270 3893 ‘

103 3985 264 4066 aliquando
273 3983 424 4064 significat
433 3986 546 4059 ollam,
566 3984 936 4064 ettuncdicieurasyria,
955 3983 1027 4064 quia
1037 3984 1070 4043 in
1079 3981 1133 4042 tali
1143 4003 1216 4062 pro-
1278 4023 1282 4034 1

103 4083 202 4144 vincia
219 4087 321 4165 primo
342 4085 423 4144 facta
444 4095 496 4146 est.
537 4085 637 4146 Etiam
658 4094 756 4164 potest
776 4083 839 4143 dici
858 4082 991 4158 aseriis,
1013 4082 1085 4161 quia
1100 4081 1216 4150 estati-

104 4181 142 4241 lis
161 4194 189 4244 et
208 4173 394 4261 necessaiia5
413 4185 464 4246 vel
486 4205 504 4243 a
524 4185 622 4260 serie,
645 4184 760 4260 idest,
781 4179 888 4246 ordino
910 4184 951 4245 fit.
991 4183 1069 4243 Item
1089 4179 1216 4242 Patricii
