2840 4718
248 891 251 904 ’
316 893 402 1027 11.
432 1079 435 1086 ,
468 941 838 1088 sorranus
896 895 1250 1040 onrrlv'us

678 1147 887 1158 n———u—

219 1282 1119 1406 ff·¹·rursunoouroaus

281 1497 284 1504 ·
370 1470 618 1529 menemus.
794 1474 1143 1535 ›Miu'oritanua
1256 1471 1262 1480 ’

424 1571 661 1632 Ourtisoui.
826 1573 1048 1634 Hnttenus.

492 1670 748 1731 Francisous
767 1670 1066 1752 daSiokingen.

210 1957 292 2034 Dec.
333 1962 455 2036 Adeste¹
480 1974 640 2052 ehodum,
672 1975 797 2050 adeste,
841 1997 861 2036 o
890 1977 1107 2058 peculatores,
1154 1973 1326 2058 paedieones,

209 2095 381 2157 ganeones,
423 2087 454 2134 et
495 2075 673 2156 manipulus
713 2077 838 2137 furum!
890 2073 976 2156 Curi.
1007 2080 1060 2138 En
1090 2076 1252 2151 adsumus,
1288 2077 1328 2136 ad·

209 2195 331 2248 sumus,
354 2175 496 2250 Decimo,
516 2185 563 2235 ter
585 2186 754 2256 quaterque
775 2177 921 2237 maxime.
961 2180 1038 2238 Dec.
1066 2177 1162 2255 Quin
1194 2177 1328 2256 extemplo

210 2274 480 2356 comprehendite,
501 2275 647 2356 jugulate,
665 2275 796 2336 occidite
810 2277 897 2338 ferro
918 2279 971 2338 vel
991 2297 1123 2339 veneno.
1146 2280 1233 2337 Curi.
1245 2276 1328 2355 Quos?

210 2377 345 2436 obsecro.
405 2374 485 2433 Deo.
505 2376 594 2435 Duos
609 2375 679 2434 illos
701 2374 887 2452 seditiosos,
901 2377 1101 2453 scismaticos,
1123 2379 1292 2437 Hutteuurn
1306 2383 1328 2434 et

188 2477 394 2538 'Lutherum
435 2478 521 2536 cura
541 2476 629 2534 Boua
647 2474 754 2546 verba,
775 2475 920 2537 columen
940 2487 1097 2538 nostrum:
1118 2477 1327 2538 arbitrabamur

206 2587 239 2637 te
259 2577 360 2637 subita
380 2574 527 2656 phrenesi
549 2585 725 2656 correptum
746 2567 803 2636 vel¹
819 2575 937 2650 mania,
976 2577 1031 2657 qui
1051 2579 1097 2644 sio
1114 2577 1267 2652 insanias,
1296 2577 1329 2632 sic

206 2675 301 2737 furiis
332 2675 470 2737 insultes.
535 2676 655 2737 Verum
680 2675 737 2734 hos
763 2675 857 2746 facile
877 2675 937 2734 erit
955 2677 1101 2755 perdere,
1143 2677 1173 2736 si
1193 2677 1237 2736 sio
1254 2675 1328 2736 rebus

206 2761 269 2836 tuis
289 2777 388 2837 fuerit
408 2774 593 2835 consultum.
654 2776 731 2835 Deo.
753 2776 796 2836 At
816 2775 866 2836 hia
888 2795 906 2833 a
928 2774 1032 2866 medio
1046 2775 1177 2837 sublatis
1195 2797 1256 2858 pax
1274 2775 1328 2834 erit

206 2878 259 2937 Tu
280 2877 377 2938 caesia
396 2876 543 2955 poculum
562 2875 613 2934 illi
632 2874 815 2955 propinato,
836 2894 958 2935 veneno
980 2875 1130 2950 mixtum,
1154 2877 1280 2958 ciboque
1295 2873 1327 2932 il·

204 2977 267 3035 lius
293 2977 433 3055 insperso
463 2975 592 3034 ellebori
621 2974 806 3050 semiuncia,
843 2975 897 3034 vel
925 2994 1154 3051 scammoneae,
1191 2963 1225 3036 si
1249 2976 1328 3035 lubet

142 3055 144 3062 ,
205 3075 301 3153 Quod
332 3074 359 3134 si
385 3095 450 3134 nou
475 3075 673 3148 successerit,
709 3073 834 3132 armatis
858 3074 956 3154 copiis
976 3076 1117 3136 vinctum
1140 3076 1204 3137 bue
1223 3083 1328 3157 prona-

203 3175 281 3235 hito.
321 3176 387 3255 Ego
406 3193 465 3256 per
486 3174 655 3233 cortisanos
676 3173 787 3233 litteris
803 3193 890 3252 agam
912 3174 995 3254 apud
1016 3175 1189 3254 optimates,
1213 3187 1243 3235 et
1253 3172 1327 3254 Epis-

204 3297 313 3357 copos,
335 3295 376 3334 no
393 3275 478 3334 huno
501 3275 659 3356 patiantur
678 3273 767 3332 elabi.
803 3273 889 3331 Cart.
909 3275 1029 3336 Verum
1050 3277 1089 3336 de
1108 3276 1252 3337 Luthero
1266 3268 1328 3354 quid

203 3397 307 3436 censos
330 3375 524 3434 faciundum.
566 3375 657 3432 Dee.
676 3373 761 3433 Idem
783 3391 917 3451 prorsus.
978 3375 1098 3436 Verum
1114 3375 1170 3436 hio
1190 3376 1275 3456 prior
1290 3381 1326 3428 est

200 3459 367 3536 Huttenus.
431 3474 518 3553 Quid
546 3473 646 3546 enim,
685 3472 712 3532 si
738 3473 773 3531 111
801 3473 943 3534 omnibus
972 3471 1086 3535 chartis
1107 3469 1255 3536 illinierit
1270 3488 1328 3530 mea

200 3574 317 3655 flagitia
343 3571 527 3634 Lutherusl
568 3573 715 3653 Ingerent
742 3571 867 3632 tandem
894 3573 971 3634 haec
1006 3573 1132 3634 fastidia
1163 3571 1326 3641 lectoribus,

202 3677 314 3754 quibus
337 3684 367 3735 et
386 3677 422 3735 in
440 3673 545 3754 jocum
566 3683 597 3733 et
619 3673 654 3732 in
673 3671 812 3732 fabulam
834 3692 944 3734 versus
961 3695 1039 3734 sum.
1080 3676 1123 3736 At
1141 3672 1285 3754 jocentur
1294 3668 1328 3728 li·

199 3779 293 3845 bere,
315 3774 408 3834 modo
429 3794 493 3834 nou
515 3781 655 3834 noceant.
717 3773 777 3831 Ille
804 3791 870 3832 non
891 3784 954 3833 tam
974 3783 1154 3856 portentum
1175 3794 1233 3834 nos
1254 3768 1326 3840 facit,

199 3897 292 3956 quam
315 3873 447 3934 exitium
468 3872 623 3947 minatur,
664 3883 696 3930 et
715 3872 802 3931 Petri
822 3871 961 3953 inopiam
981 3876 1109 3954 stipatus
1131 3883 1180 3932 tot
1200 3869 1329 3932 millibus

198 3975 354 4036 nobilium
377 3973 623 4047 Germanorum,
665 3991 741 4051 quos
770 3970 805 4032 111
837 3983 985 4054 promptu
1013 3982 1113 4033 estut
1134 3971 1171 4031 in
1191 3990 1249 4030 nos
1269 3965 1329 4028 ani·

199 4087 263 4136 met
283 4075 378 4135 homo
399 4073 481 4134 mire
503 4072 683 4133 audaculus.
723 4075 810 4132 Cura
845 4071 908 4133 Ubi
928 4073 1025 4154 igitur
1046 4073 1150 4134 bullae
1171 4080 1262 4144 tuae,
1281 4061 1330 4126 ubi

199 4175 351 4248 fulmina,
381 4193 460 4252 quae
481 4173 515 4232 111
533 4171 594 4232 boo
614 4170 767 4249 jaciebas?
809 4175 893 4232 Mira
911 4173 997 4233 Heus
1016 4182 1069 4247 tn,
1093 4170 1250 4250 cynaede,
1280 4185 1329 4224 ou·

198 4269 316 4335 culum
336 4257 414 4334 mihi
436 4285 546 4354 pareto
568 4269 717 4334 obtritum
739 4281 770 4335 et
782 4272 920 4336 sandalia
940 4273 1049 4336 laceris
1070 4279 1222 4354 suppacta
1242 4260 1328 4329 soleis
