2896 4716
405 335 954 427 ossucuvmouss
1099 330 1100 339 ‘
1183 365 1247 446 243
1329 364 1352 441 j

111 538 253 607 tempore
274 545 331 584 auo
351 524 480 584 fuerunt
499 524 560 583 duo
582 522 683 582 millia
704 523 860 582 studentes
880 522 913 582 in
934 519 1091 604 Liptsiclc,
1135 533 1165 583 et
1184 524 1245 584 Er»

111 628 234 686 sordine
257 623 403 700 totidem3
448 635 478 683 et
499 623 642 682 Viennae
663 633 796 703 quatuor
816 619 924 696 millia,
945 632 975 681 et
988 621 1135 681 Coloniae
1152 623 1244 684 etiam

109 728 170 794 tot',
194 735 227 784 et
247 724 292 782 sic
314 725 352 782 dc
374 723 452 781 aliis.
514 715 607 780 Nunc
636 733 739 780 autem
768 723 801 780 in
824 723 967 782 omuibus
987 721 1245 782 Universitatibus

109 845 173 884 non
195 833 270 882 sunt
289 832 336 882 tot
356 817 545 901 supposita‚'
574 821 653 880 sicut
673 831 748 880 ωηο
769 821 802 880 in
823 841 902 894 una,
945 831 999 879 aut
1018 821 1144 880 duabus.
1205 820 1256 879 Et-

111 922 254 1002 Magistri
275 923 440 1003 Lipsenses
469 940 554 980 nune
578 921 671 979 valde
693 933 924 1000 conqueruntur
944 920 984 978 de
1002 920 1156 998 paucitate
1170 942 1245 1000 sup-

108 1022 301 1107 positorum,
324 1021 396 1100 quia
418 1023 529 1080 Poetae
549 1020 668 1079 faciunt
688 1020 731 1078 eis
753 1019 908 1080 damnum.
970 1019 1011 1078 Et
1039 1019 1161 1100 quando
1190 1041 1246 1100 pa-

109 1132 215 1182 rentes
234 1119 363 1179 mittunt
382 1119 463 1178 filios
484 1140 554 1178 suos
576 1121 609 1180 in
627 1123 737 1202 Bprsas
758 1130 788 1178 et
809 1121 962 1199 Collegia,
984 1139 1045 1176 non
1069 1119 1179 1179 volunt
1200 1118 1246 1178 ibi
1290 1098 1298 1120 ⁴

110 1232 256 1294 manere,
279 1219 331 1278 sed
353 1219 470 1280 vadunt
490 1219 528 1277 ad
550 1219 676 1288 Poetae,
699 1229 728 1274 et
747 1219 870 1278 student
892 1218 1054 1298 nequitias.
1107 1217 1147 1276 Et
1167 1218 1247 1277 dixit

111 1319 208 1392 mihi,
230 1319 315 1398 quod
337 1319 403 1397 ipse
421 1318 565 1397 Liptsick
590 1317 667 1375 olim
697 1316 806 1376 habuit
834 1317 1034 1397 quadraginta
1056 1306 1279 1392 domicelloss,
1341 1381 1344 1396 ⁸

13 1487 15 1500 Ι
112 1431 141 1478 et
160 1417 285 1497 quando
307 1418 366 1476 ivit
387 1418 420 1475 in
443 1416 629 1490 Ecclesiam,
658 1418 709 1477 vel
734 1417 772 1476 ad
793 1417 916 1490 forum,
953 1417 1004 1475 vel
1024 1418 1188 1494 spatiatum
1211 1419 1245 1478 iu

110 1520 285 1590 Rubetum‚
305 1527 378 1576 tunc
398 1517 548 1575 iuverunt
569 1526 637 1596 post
660 1535 740 1574 eum.
805 1518 843 1575 Et
865 1515 927 1574 fuit
946 1525 1020 1574 tunc
1042 1537 1168 1598 magnus
1191 1539 1246 1576 cx·-

110 1639 211 1677 cessus
232 1617 356 1676 studere
375 1618 408 1674 in
430 1615 562 1674 Poctria.
605 1615 647 1673 Et
659 1615 784 1693 quande
799 1635 879 1673 unus
899 1615 1102 1674 confitebatur
1121 1617 1154 1676 in
1171 1638 1245 1678 ccu-

108 1717 266 1790 fessione‚
304 1716 388 1796 quod
418 1715 538 1773 occulte
560 1715 680 1773 audivit
700 1715 867 1794 Virgilium
890 1716 928 1773 ab
949 1737 1013 1775 uuo
1033 1718 1244 1792 Baeculaurio‚

108 1829 189 1876 ωηο
216 1817 362 1876 Sacerdos
392 1813 561 1893 inponebat
587 1816 617 1872 ei
646 1833 788 1893 magnam
813 1816 1054 1893 poenitentiam,
1086 1815 1242 1893 videlicet,

108 1915 250 1995 jejunare
271 1913 399 1992 singulis
422 1914 515 1973 sextis
539 1913 643 1986 feriis,
678 1914 730 1972 v-el
753 1933 842 1971 orare
861 1914 999 1992 quotidie
1019 1924 1134 1996 septem
1157 1915 1244 1974 Psal-

109 2033 176 2074 mos
199 2015 426 2094 poetiteutialce
450 2023 479 2072 et
501 2011 617 2091 juravit
637 2010 717 2070 mihi
736 2012 769 2070 in
791 2013 978 2073 conscientia
997 2035 1068 2087 sua,
1091 2015 1174 2094 quod
1193 2016 1243 2075 vi·

109 2116 172 2188 dit,
204 2115 286 2192 quod
308 2134 389 2174 unus
413 2112 635 2192 magistraudus
655 2111 715 2170 fuir
737 2110 886 2188 rejectus,
909 2114 982 2190 quia
1004 2135 1085 2173 unus
1105 2115 1144 2173 de
1168 2137 1243 2174 exa·

108 2215 314 2274 minatoribua
334 2213 430 2272 semel
448 2215 482 2270 in
505 2211 555 2270 die
576 2211 655 2270 festo
677 2207 755 2269 vidit
779 2210 881 2288 ipsum
901 2211 1004 2291 legere
1024 2213 1058 2271 in
1081 2215 1241 2276 Terentio.

106 2313 238 2374 Utinam
262 2313 362 2379 adhuc
380 2321 473 2370 staret
493 2311 536 2369 ita
558 2311 591 2370 in
608 2309 877 2383 Universitatibus,
897 2321 972 2368 tunc
991 2311 1082 2369 etiam
1105 2333 1160 2391 ego
1176 2332 1240 2374 non

104 2414 225 2474 vellem
247 2416 292 2470 ita
312 2411 427 2470 servire
448 2410 500 2468 hic
520 2410 552 2467 iu
575 2409 679 2467 Curia.
720 2402 803 2484 Quia
826 2408 901 2485 quid
924 2410 1069 2469 debemus
1090 2411 1192 2470 facere
1208 2414 1240 2473 in

104 2510 394 2573 Universitatibusl
436 2509 500 2568 Nos
516 2527 590 2566 -uon
617 2506 764 2564 habemus
790 2505 1030 2584 proficuitatcm,
1069 2510 1142 2588 quia
1164 2515 1241 2574 socii

102 2633 177 2672 nou
200 2612 314 2670 volunt
333 2611 461 2688 amplius
479 2621 559 2668 stare
579 2609 614 2666 in
636 2605 736 2664 bursis
755 2606 807 2663 vel
825 2607 882 2663 sub
900 2607 1070 2686 Magistris:
1093 2619 1124 2668 et
1141 2631 1240 2690 quan-

104 2711 149 2770 do
169 2719 247 2768 aunt
265 2709 373 2788 viginti
395 2709 570 2790 studentes,¹
591 2707 648 2765 vix
667 2725 747 2762 unus
767 2702 901 2764 intendrt
920 2706 1088 2785 procedere
1111 2711 1149 2767 ad
1170 2731 1239 2790 gra·-

104 2811 183 2882 dus,
209 2808 265 2866 sed
286 2829 391 2870 omnes
413 2809 468 2866 alii
488 2809 598 2868 volunt
619 2804 743 2864 studere
763 2805 796 2861 in
819 2802 1019 2863 humanitate.
1059 2807 1240 2886 Ecquando

105 2930 191 2968 unus
209 2908 357 2986 Magister
377 2908 466 2987 legit,
492 2919 567 2966 tunc
587 2926 651 2965 non
672 2905 763 2963 habet
776 2903 932 2964 auditores
939 2946 947 2975 ,
981 2905 1053 2982 quia
1073 2907 1186 2968 Poetae
1205 2910 1240 2969 in

19 2991 23 2999 ¹
103 3007 374 3087 assumptionibus
394 3007 456 3066 suis
476 3007 590 3066 habent
609 3015 655 3064 tot
670 3004 833 3076 auditores,
856 3002 939 3081 quod
954 3013 999 3061 est
1011 3007 1162 3067 mirabile.
1189 3010 1240 3067 Sic

102 3126 216 3166 omnes
246 3106 468 3165 Universitates
496 3125 553 3184 per
578 3113 673 3163 totam
695 3104 870 3163 Almaniam
892 3101 1096 3163 minorantur.
1158 3109 1240 3186 Ergo

104 3208 257 3266 dehemus
277 3207 381 3264 Deum
401 3225 508 3277 orare,
529 3203 611 3281 qnod
634 3203 805 3261 moriantur
826 3220 931 3259 omnes
949 3203 1077 3276 Poetae,
1099 3205 1240 3282 quiaex-
1292 3243 1296 3252 ι

106 3305 198 3387 pedit
219 3303 319 3378 vobis,
342 3314 378 3363 ut
399 3323 479 3362 unus
502 3303 653 3362 moriatur
669 3312 723 3358 etc.
763 3301 800 3360 Id
820 3311 880 3374 est,
902 3310 936 3359 ut
955 3301 1083 3373 Poetae,
1105 3321 1238 3380 quorum

105 3415 180 3463 sunt
201 3403 295 3482 pauci
324 3404 358 3461 in
386 3403 521 3481 qualibet
542 3401 764 3472 Universitate‚
800 3399 973 3458 moriantur
991 3402 1108 3477 potius,
1146 3421 1238 3479 quam

105 3515 151 3561 tot
178 3500 406 3561 Universitatea
437 3511 574 3580 pereant.
636 3503 700 3560 Vos
727 3509 829 3558 autem
858 3497 981 3557 scribite
1005 3487 1237 3580 mihi'postlrac,

104 3603 160 3662 vel
182 3601 298 3660 faciam
319 3621 412 3659 unam
431 3601 555 3678 longam
577 3578 733 3680 quarelam
753 3599 791 3657 de
811 3596 1003 3676 negligentiis
1024 3596 1132 3656 vestris
1153 3615 1238 3656 cout-

105 3699 219 3762 musis.
262 3700 382 3763 Valetc.
424 3701 537 3759 Datum
559 3702 686 3759 Romae.

233 3886 350 3945 stater
368 3881 558 3944 Benedictus
579 3882 616 3940 cle
637 3883 744 3942 Scotia
769 3883 817 3938 M.
838 3878 970 3936 Ortuino
995 3878 1114 3938 Gratim

191 4001 368 4060 Fraternali
397 4013 428 4058 et
454 4000 619 4084 affectuosa
645 3997 809 4056 dilectione
836 3995 943 4054 salutis
973 3996 1042 4053 loco
1073 3997 1239 4074 praemissa

105 4111 216 4161 notum
238 4102 321 4161 facio
343 4101 448 4174 robis,
469 4099 549 4158 sicut
568 4098 689 4178 petitis,
716 4094 798 4173 quod
817 4094 955 4174 Epistola
976 4105 1078 4154 vestra
1099 4106 1144 4154 est
1159 4098 1238 4156 mihi

105 4212 301 4281 praesentata
320 4201 355 4260 in
377 4201 456 4260 festo
476 4201 505 4258 S.
520 4195 700 4267 Michaelis,
721 4203 752 4254 et
774 4194 844 4254 volo
863 4193 1050 4274 respondere
1072 4195 1110 4252 ad
1130 4198 1240 4275 proxi-

105 4321 171 4364 mas
186 4311 306 4362 vestras
328 4300 542 4362 articulariter.
598 4296 705 4380 Primo
725 4293 889 4375 quaeritis,
905 4313 1014 4380 „quare
1035 4313 1091 4354 aas
1116 4296 1245 4356 Fratres.

966 4389 1033 4453 16*
