<?xml version="1.0" encoding="UTF-8"?>
<!DOCTYPE html PUBLIC "-//W3C//DTD XHTML 1.0 Transitional//EN"
    "http://www.w3.org/TR/xhtml1/DTD/xhtml1-transitional.dtd">
<html xmlns="http://www.w3.org/1999/xhtml" xml:lang="en" lang="en">
 <head>
  <title>
</title>
<meta http-equiv="Content-Type" content="text/html;charset=utf-8" />
  <meta name='ocr-system' content='tesseract 3.04.00' />
  <meta name='ocr-capabilities' content='ocr_page ocr_carea ocr_par ocr_line ocrx_word'/>
</head>
<body>
  <div class='ocr_page' id='page_1' title='image "./ulrichiabhutten04mngoog_0388.png"; bbox 0 0 2840 4718; ppageno 0'>
   <div class='ocr_carea' id='block_1_1' title="bbox 181 359 972 432">
    <p class='ocr_par' dir='ltr' id='par_1_1' title="bbox 181 359 972 432">
     <span class='ocr_line' id='line_1_1' title="bbox 181 359 972 432; baseline -0.005 -2"><span class='ocrx_word' id='word_1_1' title='bbox 181 365 245 432; x_wconf 82' lang='lat'><strong>378</strong></span> <span class='ocrx_word' id='word_1_2' title='bbox 340 397 391 406; x_wconf 45' lang='lat' dir='ltr'><strong>v·</strong></span> <span class='ocrx_word' id='word_1_3' title='bbox 457 395 462 402; x_wconf 91' lang='lat'>·</span> <span class='ocrx_word' id='word_1_4' title='bbox 526 359 972 426; x_wconf 72' lang='lat' dir='ltr'><strong>ntsnoolvu.</strong></span> 
     </span>
    </p>
   </div>
   <div class='ocr_carea' id='block_1_2' title="bbox 156 517 1413 4390">
    <p class='ocr_par' dir='ltr' id='par_1_2' title="bbox 156 517 1413 4390">
     <span class='ocr_line' id='line_1_2' title="bbox 181 517 1319 602; baseline -0.003 -18"><span class='ocrx_word' id='word_1_5' title='bbox 181 517 308 594; x_wconf 86' lang='lat' dir='ltr'><strong>eximii,</strong></span> <span class='ocrx_word' id='word_1_6' title='bbox 329 520 407 601; x_wconf 87' lang='lat' dir='ltr'><strong>Ego,</strong></span> <span class='ocrx_word' id='word_1_7' title='bbox 426 517 555 581; x_wconf 77' lang='lat' dir='ltr'><strong>lacobus</strong></span> <span class='ocrx_word' id='word_1_8' title='bbox 574 518 818 596; x_wconf 80' lang='lat' dir='ltr'><strong>Hebenstratus‚</strong></span> <span class='ocrx_word' id='word_1_9' title='bbox 837 539 896 602; x_wconf 84' lang='lat' dir='ltr'><strong>pro</strong></span> <span class='ocrx_word' id='word_1_10' title='bbox 915 539 1001 582; x_wconf 85' lang='lat' dir='ltr'><strong>nnnc</strong></span> <span class='ocrx_word' id='word_1_11' title='bbox 1021 517 1247 600; x_wconf 85' lang='lat' dir='ltr'><strong>Universitatis</strong></span> <span class='ocrx_word' id='word_1_12' title='bbox 1259 518 1319 581; x_wconf 81' lang='lat' dir='ltr'><strong>Go-</strong></span> 
     </span>
     <span class='ocr_line' id='line_1_3' title="bbox 179 617 1321 702; baseline -0.004 -20"><span class='ocrx_word' id='word_1_13' title='bbox 179 617 329 684; x_wconf 76' lang='lat' dir='ltr'><strong>lobiensis</strong></span> <span class='ocrx_word' id='word_1_14' title='bbox 350 618 558 699; x_wconf 82' lang='lat' dir='ltr'><strong>Theologicae</strong></span> <span class='ocrx_word' id='word_1_15' title='bbox 576 619 742 690; x_wconf 78' lang='lat' dir='ltr'><strong>Facultatis</strong></span> <span class='ocrx_word' id='word_1_16' title='bbox 765 619 927 694; x_wconf 85' lang='lat' dir='ltr'><strong>Decsnus,</strong></span> <span class='ocrx_word' id='word_1_17' title='bbox 948 619 1058 693; x_wconf 83' lang='lat' dir='ltr'><strong>volens</strong></span> <span class='ocrx_word' id='word_1_18' title='bbox 1076 617 1257 680; x_wconf 71' lang='lat' dir='ltr'><strong>satisfacere</strong></span> <span class='ocrx_word' id='word_1_19' title='bbox 1271 619 1321 702; x_wconf 85' lang='lat' dir='ltr'><strong>ju-</strong></span> 
     </span>
     <span class='ocr_line' id='line_1_4' title="bbox 180 699 1344 800; baseline -0.006 -16"><span class='ocrx_word' id='word_1_20' title='bbox 180 729 321 784; x_wconf 88' lang='lat' dir='ltr'><strong>ramento</strong></span> <span class='ocrx_word' id='word_1_21' title='bbox 343 738 430 794; x_wconf 87' lang='lat' dir='ltr'><strong>meo,</strong></span> <span class='ocrx_word' id='word_1_22' title='bbox 464 717 528 779; x_wconf 87' lang='lat' dir='ltr'><strong>feci</strong></span> <span class='ocrx_word' id='word_1_23' title='bbox 548 718 655 780; x_wconf 91' lang='lat' dir='ltr'><strong>vocari</strong></span> <span class='ocrx_word' id='word_1_24' title='bbox 677 717 923 800; x_wconf 86' lang='lat' dir='ltr'><strong>Magistralitates</strong></span> <span class='ocrx_word' id='word_1_25' title='bbox 945 728 1061 790; x_wconf 83' lang='lat' dir='ltr'><strong>vestras</strong></span> <span class='ocrx_word' id='word_1_26' title='bbox 1081 718 1121 779; x_wconf 86' lang='lat' dir='ltr'><strong>ad</strong></span> <span class='ocrx_word' id='word_1_27' title='bbox 1141 699 1344 780; x_wconf 65' lang='lat' dir='ltr'><strong>habendum</strong></span> 
     </span>
     <span class='ocr_line' id='line_1_5' title="bbox 181 815 1323 899; baseline -0.005 -17"><span class='ocrx_word' id='word_1_28' title='bbox 181 819 350 882; x_wconf 89' lang='lat' dir='ltr'><strong>concilium</strong></span> <span class='ocrx_word' id='word_1_29' title='bbox 380 837 477 899; x_wconf 86' lang='lat' dir='ltr'><strong>super</strong></span> <span class='ocrx_word' id='word_1_30' title='bbox 506 815 685 897; x_wconf 84' lang='lat' dir='ltr'><strong>hujusmodi</strong></span> <span class='ocrx_word' id='word_1_31' title='bbox 720 815 869 880; x_wconf 76' lang='lat' dir='ltr'><strong>doctrinis</strong></span> <span class='ocrx_word' id='word_1_32' title='bbox 899 817 1082 892; x_wconf 74' lang='lat' dir='ltr'><strong>haereticis,</strong></span> <span class='ocrx_word' id='word_1_33' title='bbox 1124 819 1323 891; x_wconf 87' lang='lat' dir='ltr'><strong>scandalosis,</strong></span> 
     </span>
     <span class='ocr_line' id='line_1_6' title="bbox 181 915 1323 1002; baseline -0.005 -20"><span class='ocrx_word' id='word_1_34' title='bbox 181 917 383 1002; x_wconf 88' lang='lat' dir='ltr'><strong>blasphemis,</strong></span> <span class='ocrx_word' id='word_1_35' title='bbox 415 925 447 976; x_wconf 90' lang='lat' dir='ltr'><strong>et</strong></span> <span class='ocrx_word' id='word_1_36' title='bbox 464 916 589 998; x_wconf 83' lang='lat' dir='ltr'><strong>piarum</strong></span> <span class='ocrx_word' id='word_1_37' title='bbox 612 916 736 1000; x_wconf 67' lang='lat' dir='ltr'><strong>sumum</strong></span> <span class='ocrx_word' id='word_1_38' title='bbox 757 915 934 996; x_wconf 77' lang='lat' dir='ltr'><strong>offensivis,</strong></span> <span class='ocrx_word' id='word_1_39' title='bbox 968 917 1045 998; x_wconf 81' lang='lat' dir='ltr'><strong>quid</strong></span> <span class='ocrx_word' id='word_1_40' title='bbox 1064 916 1154 990; x_wconf 70' lang='lat' dir='ltr'><strong>vobis,</strong></span> <span class='ocrx_word' id='word_1_41' title='bbox 1174 917 1323 986; x_wconf 82' lang='lat' dir='ltr'><strong>Dominis</strong></span> 
     </span>
     <span class='ocr_line' id='line_1_7' title="bbox 182 1013 1323 1098; baseline -0.007 -16"><span class='ocrx_word' id='word_1_42' title='bbox 182 1019 336 1082; x_wconf 84' lang='lat' dir='ltr'><strong>videatur.</strong></span> <span class='ocrx_word' id='word_1_43' title='bbox 375 1013 486 1076; x_wconf 77' lang='lat' dir='ltr'><strong>·Licet</strong></span> <span class='ocrx_word' id='word_1_44' title='bbox 508 1015 592 1076; x_wconf 87' lang='lat' dir='ltr'><strong>enim</strong></span> <span class='ocrx_word' id='word_1_45' title='bbox 612 1035 695 1076; x_wconf 85' lang='lat' dir='ltr'><strong>anno</strong></span> <span class='ocrx_word' id='word_1_46' title='bbox 713 1015 926 1096; x_wconf 77' lang='lat' dir='ltr'><strong>praecedenti,</strong></span> <span class='ocrx_word' id='word_1_47' title='bbox 953 1015 1121 1076; x_wconf 86' lang='lat' dir='ltr'><strong>secundnm</strong></span> <span class='ocrx_word' id='word_1_48' title='bbox 1141 1036 1323 1098; x_wconf 72' lang='lat' dir='ltr'><strong>processum</strong></span> 
     </span>
     <span class='ocr_line' id='line_1_8' title="bbox 183 1112 1324 1200; baseline -0.004 -20"><span class='ocrx_word' id='word_1_49' title='bbox 183 1127 325 1182; x_wconf 86' lang='lat' dir='ltr'><strong>nostrum</strong></span> <span class='ocrx_word' id='word_1_50' title='bbox 343 1113 619 1195; x_wconf 79' lang='lat' dir='ltr'><strong>condemnavimus</strong></span> <span class='ocrx_word' id='word_1_51' title='bbox 638 1112 868 1200; x_wconf 80' lang='lat' dir='ltr'><strong>propositiones</strong></span> <span class='ocrx_word' id='word_1_52' title='bbox 889 1113 1049 1196; x_wconf 77' lang='lat' dir='ltr'><strong>cujusdam</strong></span> <span class='ocrx_word' id='word_1_53' title='bbox 1067 1115 1185 1176; x_wconf 79' lang='lat' dir='ltr'><strong>Fratris</strong></span> <span class='ocrx_word' id='word_1_54' title='bbox 1208 1116 1251 1177; x_wconf 87' lang='lat' dir='ltr'><strong>de</strong></span> <span class='ocrx_word' id='word_1_55' title='bbox 1271 1136 1324 1175; x_wconf 92' lang='lat' dir='ltr'><strong>or-</strong></span> 
     </span>
     <span class='ocr_line' id='line_1_9' title="bbox 183 1208 1322 1295; baseline -0.004 -17"><span class='ocrx_word' id='word_1_56' title='bbox 183 1219 257 1278; x_wconf 87' lang='lat' dir='ltr'><strong>dine</strong></span> <span class='ocrx_word' id='word_1_57' title='bbox 280 1218 311 1276; x_wconf 86' lang='lat' dir='ltr'><strong>S.</strong></span> <span class='ocrx_word' id='word_1_58' title='bbox 331 1213 507 1294; x_wconf 82' lang='lat' dir='ltr'><strong>Augustini,</strong></span> <span class='ocrx_word' id='word_1_59' title='bbox 528 1213 572 1274; x_wconf 88' lang='lat' dir='ltr'><strong>ita</strong></span> <span class='ocrx_word' id='word_1_60' title='bbox 595 1212 679 1294; x_wconf 88' lang='lat' dir='ltr'><strong>quod</strong></span> <span class='ocrx_word' id='word_1_61' title='bbox 698 1208 781 1272; x_wconf 88' lang='lat' dir='ltr'><strong>nihil</strong></span> <span class='ocrx_word' id='word_1_62' title='bbox 801 1212 930 1273; x_wconf 86' lang='lat' dir='ltr'><strong>omnino</strong></span> <span class='ocrx_word' id='word_1_63' title='bbox 952 1214 1108 1276; x_wconf 88' lang='lat' dir='ltr'><strong>valerent:</strong></span> <span class='ocrx_word' id='word_1_64' title='bbox 1128 1223 1235 1276; x_wconf 87' lang='lat' dir='ltr'><strong>tamen</strong></span> <span class='ocrx_word' id='word_1_65' title='bbox 1250 1215 1322 1295; x_wconf 88' lang='lat' dir='ltr'><strong>quia</strong></span> 
     </span>
     <span class='ocr_line' id='line_1_10' title="bbox 180 1310 1321 1395; baseline -0.002 -18"><span class='ocrx_word' id='word_1_66' title='bbox 180 1313 434 1378; x_wconf 83' lang='lat' dir='ltr'><strong>illeidemfrster</strong></span> <span class='ocrx_word' id='word_1_67' title='bbox 446 1333 511 1372; x_wconf 90' lang='lat' dir='ltr'><strong>non</strong></span> <span class='ocrx_word' id='word_1_68' title='bbox 527 1325 622 1373; x_wconf 88' lang='lat' dir='ltr'><strong>cessat</strong></span> <span class='ocrx_word' id='word_1_69' title='bbox 633 1310 790 1394; x_wconf 69' lang='lat' dir='ltr'><strong>perversis</strong></span> <span class='ocrx_word' id='word_1_70' title='bbox 809 1311 872 1394; x_wconf 76' lang='lat' dir='ltr'><strong>suis</strong></span> <span class='ocrx_word' id='word_1_71' title='bbox 894 1311 1043 1373; x_wconf 84' lang='lat' dir='ltr'><strong>doctrinis</strong></span> <span class='ocrx_word' id='word_1_72' title='bbox 1052 1313 1200 1376; x_wconf 86' lang='lat' dir='ltr'><strong>seducere</strong></span> <span class='ocrx_word' id='word_1_73' title='bbox 1216 1335 1321 1395; x_wconf 90' lang='lat' dir='ltr'><strong>popu-</strong></span> 
     </span>
     <span class='ocr_line' id='line_1_11' title="bbox 181 1408 1321 1493; baseline -0.006 -14"><span class='ocrx_word' id='word_1_74' title='bbox 181 1419 259 1491; x_wconf 90' lang='lat' dir='ltr'><strong>lum,</strong></span> <span class='ocrx_word' id='word_1_75' title='bbox 272 1425 303 1475; x_wconf 94' lang='lat' dir='ltr'><strong>et</strong></span> <span class='ocrx_word' id='word_1_76' title='bbox 310 1423 401 1476; x_wconf 90' lang='lat' dir='ltr'><strong>vocat</strong></span> <span class='ocrx_word' id='word_1_77' title='bbox 408 1433 464 1480; x_wconf 88' lang='lat' dir='ltr'><strong>nos</strong></span> <span class='ocrx_word' id='word_1_78' title='bbox 471 1411 642 1474; x_wconf 87' lang='lat' dir='ltr'><strong>haereticos</strong></span> <span class='ocrx_word' id='word_1_79' title='bbox 651 1409 866 1471; x_wconf 85' lang='lat' dir='ltr'><strong>etPharisaeos</strong></span> <span class='ocrx_word' id='word_1_80' title='bbox 875 1428 905 1470; x_wconf 83' lang='lat' dir='ltr'><strong>et</strong></span> <span class='ocrx_word' id='word_1_81' title='bbox 914 1411 1016 1487; x_wconf 89' lang='lat' dir='ltr'><strong>rudes,</strong></span> <span class='ocrx_word' id='word_1_82' title='bbox 1032 1413 1204 1475; x_wconf 82' lang='lat' dir='ltr'><strong>nescientes</strong></span> <span class='ocrx_word' id='word_1_83' title='bbox 1214 1408 1321 1493; x_wconf 88' lang='lat' dir='ltr'><strong>Scrip-</strong></span> 
     </span>
     <span class='ocr_line' id='line_1_12' title="bbox 181 1509 1321 1591; baseline -0.004 -17"><span class='ocrx_word' id='word_1_84' title='bbox 181 1531 276 1588; x_wconf 85' lang='lat' dir='ltr'><strong>turas,</strong></span> <span class='ocrx_word' id='word_1_85' title='bbox 288 1512 494 1575; x_wconf 84' lang='lat' dir='ltr'><strong>necessarium</strong></span> <span class='ocrx_word' id='word_1_86' title='bbox 501 1511 586 1586; x_wconf 80' lang='lat' dir='ltr'><strong>duxi,</strong></span> <span class='ocrx_word' id='word_1_87' title='bbox 602 1509 766 1572; x_wconf 83' lang='lat' dir='ltr'><strong>ntessdem</strong></span> <span class='ocrx_word' id='word_1_88' title='bbox 773 1509 1002 1591; x_wconf 84' lang='lat' dir='ltr'><strong>propositiones</strong></span> <span class='ocrx_word' id='word_1_89' title='bbox 1011 1531 1082 1575; x_wconf 87' lang='lat' dir='ltr'><strong>curn</strong></span> <span class='ocrx_word' id='word_1_90' title='bbox 1094 1511 1201 1573; x_wconf 80' lang='lat' dir='ltr'><strong>multis</strong></span> <span class='ocrx_word' id='word_1_91' title='bbox 1207 1512 1321 1578; x_wconf 79' lang='lat' dir='ltr'><strong>Disie-</strong></span> 
     </span>
     <span class='ocr_line' id='line_1_13' title="bbox 181 1609 1323 1705; baseline -0.006 -28"><span class='ocrx_word' id='word_1_92' title='bbox 181 1617 227 1700; x_wconf 88' lang='lat' dir='ltr'><strong>gis</strong></span> <span class='ocrx_word' id='word_1_93' title='bbox 242 1613 379 1674; x_wconf 88' lang='lat' dir='ltr'><strong>aliorum</strong></span> <span class='ocrx_word' id='word_1_94' title='bbox 390 1611 506 1702; x_wconf 85' lang='lat' dir='ltr'><strong>iterum</strong></span> <span class='ocrx_word' id='word_1_95' title='bbox 520 1633 578 1694; x_wconf 75' lang='lat' dir='ltr'><strong>per</strong></span> <span class='ocrx_word' id='word_1_96' title='bbox 592 1609 730 1670; x_wconf 84' lang='lat' dir='ltr'><strong>cribrum</strong></span> <span class='ocrx_word' id='word_1_97' title='bbox 750 1629 905 1700; x_wconf 79' lang='lat' dir='ltr'><strong>caparam,</strong></span> <span class='ocrx_word' id='word_1_98' title='bbox 926 1619 962 1670; x_wconf 90' lang='lat' dir='ltr'><strong>ut</strong></span> <span class='ocrx_word' id='word_1_99' title='bbox 981 1611 1085 1705; x_wconf 85' lang='lat' dir='ltr'><strong>paleas</strong></span> <span class='ocrx_word' id='word_1_100' title='bbox 1105 1613 1323 1672; x_wconf 83' lang='lat' dir='ltr'><strong>comburemus</strong></span> 
     </span>
     <span class='ocr_line' id='line_1_14' title="bbox 181 1707 1320 1796; baseline -0.004 -22"><span class='ocrx_word' id='word_1_101' title='bbox 181 1718 253 1796; x_wconf 88' lang='lat' dir='ltr'><strong>igno</strong></span> <span class='ocrx_word' id='word_1_102' title='bbox 269 1711 515 1790; x_wconf 81' lang='lat' dir='ltr'><strong>inextinguibili.</strong></span> <span class='ocrx_word' id='word_1_103' title='bbox 567 1712 688 1770; x_wconf 74' lang='lat' dir='ltr'><strong>Tamen</strong></span> <span class='ocrx_word' id='word_1_104' title='bbox 707 1707 787 1768; x_wconf 89' lang='lat' dir='ltr'><strong>sicut</strong></span> <span class='ocrx_word' id='word_1_105' title='bbox 806 1708 903 1769; x_wconf 88' lang='lat' dir='ltr'><strong>moris</strong></span> <span class='ocrx_word' id='word_1_106' title='bbox 924 1718 986 1784; x_wconf 87' lang='lat' dir='ltr'><strong>est,</strong></span> <span class='ocrx_word' id='word_1_107' title='bbox 1019 1721 1184 1791; x_wconf 85' lang='lat' dir='ltr'><strong>antequam</strong></span> <span class='ocrx_word' id='word_1_108' title='bbox 1206 1730 1320 1792; x_wconf 87' lang='lat' dir='ltr'><strong>proce-</strong></span> 
     </span>
     <span class='ocr_line' id='line_1_15' title="bbox 181 1807 1322 1892; baseline -0.006 -17"><span class='ocrx_word' id='word_1_109' title='bbox 181 1814 253 1875; x_wconf 86' lang='lat' dir='ltr'><strong>dam</strong></span> <span class='ocrx_word' id='word_1_110' title='bbox 274 1811 313 1872; x_wconf 87' lang='lat' dir='ltr'><strong>ad</strong></span> <span class='ocrx_word' id='word_1_111' title='bbox 333 1813 434 1875; x_wconf 76' lang='lat' dir='ltr'><strong>actum</strong></span> <span class='ocrx_word' id='word_1_112' title='bbox 444 1852 455 1886; x_wconf 91' lang='lat'><strong>,</strong></span> <span class='ocrx_word' id='word_1_113' title='bbox 475 1809 556 1872; x_wconf 73' lang='lat' dir='ltr'><strong>volo</strong></span> <span class='ocrx_word' id='word_1_114' title='bbox 577 1809 665 1890; x_wconf 88' lang='lat' dir='ltr'><strong>prins</strong></span> <span class='ocrx_word' id='word_1_115' title='bbox 686 1808 802 1870; x_wconf 84' lang='lat' dir='ltr'><strong>audire.</strong></span> <span class='ocrx_word' id='word_1_116' title='bbox 813 1807 998 1870; x_wconf 85' lang='lat' dir='ltr'><strong>sentimenta</strong></span> <span class='ocrx_word' id='word_1_117' title='bbox 1017 1807 1242 1892; x_wconf 81' lang='lat' dir='ltr'><strong>Magistrcrum</strong></span> <span class='ocrx_word' id='word_1_118' title='bbox 1263 1829 1322 1869; x_wconf 88' lang='lat' dir='ltr'><strong>no-</strong></span> 
     </span>
     <span class='ocr_line' id='line_1_16' title="bbox 156 1905 1321 1993; baseline -0.005 -19"><span class='ocrx_word' id='word_1_119' title='bbox 156 1905 326 1974; x_wconf 74' lang='lat' dir='ltr'><strong>&#39;strorum</strong></span> <span class='ocrx_word' id='word_1_120' title='bbox 367 1911 409 1970; x_wconf 90' lang='lat' dir='ltr'><strong>Et</strong></span> <span class='ocrx_word' id='word_1_121' title='bbox 429 1909 547 1972; x_wconf 85' lang='lat' dir='ltr'><strong>vocetis</strong></span> <span class='ocrx_word' id='word_1_122' title='bbox 567 1908 736 1968; x_wconf 89' lang='lat' dir='ltr'><strong>Dominum</strong></span> <span class='ocrx_word' id='word_1_123' title='bbox 761 1907 936 1993; x_wconf 88' lang='lat' dir='ltr'><strong>pedellum,</strong></span> <span class='ocrx_word' id='word_1_124' title='bbox 967 1919 1003 1970; x_wconf 89' lang='lat' dir='ltr'><strong>nt</strong></span> <span class='ocrx_word' id='word_1_125' title='bbox 1028 1908 1133 1970; x_wconf 88' lang='lat' dir='ltr'><strong>omnis</strong></span> <span class='ocrx_word' id='word_1_126' title='bbox 1153 1909 1321 1990; x_wconf 85' lang='lat' dir='ltr'><strong>diligenter</strong></span> 
     </span>
     <span class='ocr_line' id='line_1_17' title="bbox 182 2007 1322 2090; baseline -0.005 -17"><span class='ocrx_word' id='word_1_127' title='bbox 182 2013 305 2074; x_wconf 85' lang='lat' dir='ltr'><strong>scribat.</strong></span> <span class='ocrx_word' id='word_1_128' title='bbox 345 2009 494 2070; x_wconf 80' lang='lat' dir='ltr'><strong>Hocbstr.</strong></span> <span class='ocrx_word' id='word_1_129' title='bbox 515 2009 664 2090; x_wconf 83' lang='lat' dir='ltr'><strong>Magister</strong></span> <span class='ocrx_word' id='word_1_130' title='bbox 686 2016 792 2068; x_wconf 87' lang='lat' dir='ltr'><strong>noster</strong></span> <span class='ocrx_word' id='word_1_131' title='bbox 805 2007 951 2088; x_wconf 86' lang='lat' dir='ltr'><strong>Duplex,</strong></span> <span class='ocrx_word' id='word_1_132' title='bbox 972 2009 1052 2069; x_wconf 88' lang='lat' dir='ltr'><strong>sicut</strong></span> <span class='ocrx_word' id='word_1_133' title='bbox 1071 2008 1149 2084; x_wconf 84' lang='lat' dir='ltr'><strong>dixi,</strong></span> <span class='ocrx_word' id='word_1_134' title='bbox 1171 2008 1252 2088; x_wconf 85' lang='lat' dir='ltr'><strong>quid</strong></span> <span class='ocrx_word' id='word_1_135' title='bbox 1265 2029 1322 2070; x_wconf 90' lang='lat' dir='ltr'><strong>vo-</strong></span> 
     </span>
     <span class='ocr_line' id='line_1_18' title="bbox 181 2106 1320 2188; baseline -0.004 -18"><span class='ocrx_word' id='word_1_136' title='bbox 181 2112 229 2175; x_wconf 90' lang='lat' dir='ltr'><strong>bis</strong></span> <span class='ocrx_word' id='word_1_137' title='bbox 250 2111 377 2180; x_wconf 78' lang='lat' dir='ltr'><strong>videtur</strong></span> <span class='ocrx_word' id='word_1_138' title='bbox 399 2109 439 2168; x_wconf 88' lang='lat' dir='ltr'><strong>de</strong></span> <span class='ocrx_word' id='word_1_139' title='bbox 458 2107 523 2168; x_wconf 88' lang='lat' dir='ltr'><strong>illis</strong></span> <span class='ocrx_word' id='word_1_140' title='bbox 542 2107 634 2169; x_wconf 87' lang='lat' dir='ltr'><strong>novis</strong></span> <span class='ocrx_word' id='word_1_141' title='bbox 654 2106 777 2176; x_wconf 76' lang='lat' dir='ltr'><strong>Poetis,</strong></span> <span class='ocrx_word' id='word_1_142' title='bbox 814 2117 847 2169; x_wconf 89' lang='lat' dir='ltr'><strong>et</strong></span> <span class='ocrx_word' id='word_1_143' title='bbox 865 2108 906 2169; x_wconf 88' lang='lat' dir='ltr'><strong>de</strong></span> <span class='ocrx_word' id='word_1_144' title='bbox 925 2108 990 2186; x_wconf 80' lang='lat' dir='ltr'><strong>illis</strong></span> <span class='ocrx_word' id='word_1_145' title='bbox 1003 2109 1215 2183; x_wconf 83' lang='lat' dir='ltr'><strong>novitatibus,</strong></span> <span class='ocrx_word' id='word_1_146' title='bbox 1242 2128 1320 2188; x_wconf 89' lang='lat' dir='ltr'><strong>quae</strong></span> 
     </span>
     <span class='ocr_line' id='line_1_19' title="bbox 180 2205 1321 2294; baseline -0.005 -23"><span class='ocrx_word' id='word_1_147' title='bbox 180 2207 244 2294; x_wconf 81' lang='lat' dir='ltr'><strong>jans</strong></span> <span class='ocrx_word' id='word_1_148' title='bbox 265 2231 323 2291; x_wconf 87' lang='lat' dir='ltr'><strong>per</strong></span> <span class='ocrx_word' id='word_1_149' title='bbox 344 2218 441 2269; x_wconf 83' lang='lat' dir='ltr'><strong>artem</strong></span> <span class='ocrx_word' id='word_1_150' title='bbox 461 2205 712 2288; x_wconf 82' lang='lat' dir='ltr'><strong>impressoriam,</strong></span> <span class='ocrx_word' id='word_1_151' title='bbox 732 2205 816 2283; x_wconf 89' lang='lat' dir='ltr'><strong>imo,</strong></span> <span class='ocrx_word' id='word_1_152' title='bbox 837 2207 1055 2283; x_wconf 83' lang='lat' dir='ltr'><strong>Diabolicam,</strong></span> <span class='ocrx_word' id='word_1_153' title='bbox 1075 2207 1321 2289; x_wconf 85' lang='lat' dir='ltr'><strong>imprimuntur?</strong></span> 
     </span>
     <span class='ocr_line' id='line_1_20' title="bbox 182 2306 1322 2389; baseline -0.006 -18"><span class='ocrx_word' id='word_1_154' title='bbox 182 2311 218 2372; x_wconf 91' lang='lat' dir='ltr'><strong>Si</strong></span> <span class='ocrx_word' id='word_1_155' title='bbox 240 2308 425 2370; x_wconf 88' lang='lat' dir='ltr'><strong>dimittimus</strong></span> <span class='ocrx_word' id='word_1_156' title='bbox 448 2327 499 2367; x_wconf 88' lang='lat' dir='ltr'><strong>cos</strong></span> <span class='ocrx_word' id='word_1_157' title='bbox 519 2307 582 2381; x_wconf 88' lang='lat' dir='ltr'><strong>sic,</strong></span> <span class='ocrx_word' id='word_1_158' title='bbox 613 2306 714 2376; x_wconf 83' lang='lat' dir='ltr'><strong>omnis</strong></span> <span class='ocrx_word' id='word_1_159' title='bbox 733 2308 871 2388; x_wconf 86' lang='lat' dir='ltr'><strong>populus</strong></span> <span class='ocrx_word' id='word_1_160' title='bbox 888 2307 982 2369; x_wconf 84' lang='lat' dir='ltr'><strong>vadet</strong></span> <span class='ocrx_word' id='word_1_161' title='bbox 1001 2319 1071 2389; x_wconf 88' lang='lat' dir='ltr'><strong>post</strong></span> <span class='ocrx_word' id='word_1_162' title='bbox 1091 2327 1160 2382; x_wconf 89' lang='lat' dir='ltr'><strong>eos,</strong></span> <span class='ocrx_word' id='word_1_163' title='bbox 1195 2317 1228 2368; x_wconf 91' lang='lat' dir='ltr'><strong>ct</strong></span> <span class='ocrx_word' id='word_1_164' title='bbox 1248 2326 1322 2366; x_wconf 85' lang='lat' dir='ltr'><strong>con-</strong></span> 
     </span>
     <span class='ocr_line' id='line_1_21' title="bbox 181 2403 1319 2488; baseline -0.009 -15"><span class='ocrx_word' id='word_1_165' title='bbox 181 2419 344 2474; x_wconf 89' lang='lat' dir='ltr'><strong>vertentur</strong></span> <span class='ocrx_word' id='word_1_166' title='bbox 364 2408 403 2469; x_wconf 85' lang='lat' dir='ltr'><strong>ad</strong></span> <span class='ocrx_word' id='word_1_167' title='bbox 422 2408 513 2468; x_wconf 89' lang='lat' dir='ltr'><strong>illum</strong></span> <span class='ocrx_word' id='word_1_168' title='bbox 532 2427 650 2467; x_wconf 89' lang='lat' dir='ltr'><strong>novum</strong></span> <span class='ocrx_word' id='word_1_169' title='bbox 671 2406 817 2482; x_wconf 89' lang='lat' dir='ltr'><strong>modum,</strong></span> <span class='ocrx_word' id='word_1_170' title='bbox 841 2416 872 2467; x_wconf 91' lang='lat' dir='ltr'><strong>ct</strong></span> <span class='ocrx_word' id='word_1_171' title='bbox 887 2406 1058 2488; x_wconf 73' lang='lat' dir='ltr'><strong>despicient</strong></span> <span class='ocrx_word' id='word_1_172' title='bbox 1076 2426 1195 2467; x_wconf 77' lang='lat' dir='ltr'><strong>sacram</strong></span> <span class='ocrx_word' id='word_1_173' title='bbox 1216 2403 1319 2466; x_wconf 84' lang='lat' dir='ltr'><strong>Theo-</strong></span> 
     </span>
     <span class='ocr_line' id='line_1_22' title="bbox 181 2505 1320 2591; baseline -0.004 -19"><span class='ocrx_word' id='word_1_174' title='bbox 181 2510 296 2591; x_wconf 86' lang='lat' dir='ltr'><strong>logiam</strong></span> <span class='ocrx_word' id='word_1_175' title='bbox 324 2507 469 2568; x_wconf 90' lang='lat' dir='ltr'><strong>Doctoris</strong></span> <span class='ocrx_word' id='word_1_176' title='bbox 499 2505 618 2581; x_wconf 87' lang='lat' dir='ltr'><strong>Sancti,</strong></span> <span class='ocrx_word' id='word_1_177' title='bbox 668 2515 700 2568; x_wconf 88' lang='lat' dir='ltr'><strong>et</strong></span> <span class='ocrx_word' id='word_1_178' title='bbox 728 2507 864 2567; x_wconf 87' lang='lat' dir='ltr'><strong>aliorum</strong></span> <span class='ocrx_word' id='word_1_179' title='bbox 893 2507 1115 2588; x_wconf 82' lang='lat' dir='ltr'><strong>Magistrorum</strong></span> <span class='ocrx_word' id='word_1_180' title='bbox 1141 2515 1320 2567; x_wconf 78' lang='lat' dir='ltr'><strong>nostrorum</strong></span> 
     </span>
     <span class='ocr_line' id='line_1_23' title="bbox 181 2603 1321 2694; baseline -0.011 -20"><span class='ocrx_word' id='word_1_181' title='bbox 181 2610 473 2694; x_wconf 84' lang='lat' dir='ltr'><strong>praedecessorum,</strong></span> <span class='ocrx_word' id='word_1_182' title='bbox 495 2617 527 2668; x_wconf 89' lang='lat' dir='ltr'><strong>et</strong></span> <span class='ocrx_word' id='word_1_183' title='bbox 546 2605 744 2668; x_wconf 86' lang='lat' dir='ltr'><strong>venientilli</strong></span> <span class='ocrx_word' id='word_1_184' title='bbox 765 2603 915 2667; x_wconf 85' lang='lat' dir='ltr'><strong>docticuli</strong></span> <span class='ocrx_word' id='word_1_185' title='bbox 930 2615 961 2666; x_wconf 92' lang='lat' dir='ltr'><strong>et</strong></span> <span class='ocrx_word' id='word_1_186' title='bbox 980 2605 1091 2666; x_wconf 87' lang='lat' dir='ltr'><strong>tollent</strong></span> <span class='ocrx_word' id='word_1_187' title='bbox 1107 2625 1242 2684; x_wconf 87' lang='lat' dir='ltr'><strong>regnum</strong></span> <span class='ocrx_word' id='word_1_188' title='bbox 1263 2625 1321 2664; x_wconf 86' lang='lat' dir='ltr'><strong>no-</strong></span> 
     </span>
     <span class='ocr_line' id='line_1_24' title="bbox 181 2705 1320 2788; baseline -0.006 -18"><span class='ocrx_word' id='word_1_189' title='bbox 181 2721 300 2787; x_wconf 86' lang='lat' dir='ltr'><strong>strum,</strong></span> <span class='ocrx_word' id='word_1_190' title='bbox 331 2719 362 2770; x_wconf 91' lang='lat' dir='ltr'><strong>et</strong></span> <span class='ocrx_word' id='word_1_191' title='bbox 378 2729 444 2769; x_wconf 85' lang='lat' dir='ltr'><strong>non</strong></span> <span class='ocrx_word' id='word_1_192' title='bbox 465 2706 638 2788; x_wconf 86' lang='lat' dir='ltr'><strong>poterimus</strong></span> <span class='ocrx_word' id='word_1_193' title='bbox 658 2705 790 2786; x_wconf 89' lang='lat' dir='ltr'><strong>amplius</strong></span> <span class='ocrx_word' id='word_1_194' title='bbox 809 2705 972 2780; x_wconf 80' lang='lat' dir='ltr'><strong>villicare,</strong></span> <span class='ocrx_word' id='word_1_195' title='bbox 1017 2705 1162 2786; x_wconf 86' lang='lat' dir='ltr'><strong>decipere</strong></span> <span class='ocrx_word' id='word_1_196' title='bbox 1179 2706 1320 2784; x_wconf 85' lang='lat' dir='ltr'><strong>autiquae</strong></span> 
     </span>
     <span class='ocr_line' id='line_1_25' title="bbox 180 2804 1318 2887; baseline -0.008 -16"><span class='ocrx_word' id='word_1_197' title='bbox 180 2810 318 2882; x_wconf 87' lang='lat' dir='ltr'><strong>vetulas,</strong></span> <span class='ocrx_word' id='word_1_198' title='bbox 360 2827 560 2887; x_wconf 87' lang='lat' dir='ltr'><strong>corrumpere</strong></span> <span class='ocrx_word' id='word_1_199' title='bbox 587 2804 749 2886; x_wconf 88' lang='lat' dir='ltr'><strong>Principes</strong></span> <span class='ocrx_word' id='word_1_200' title='bbox 789 2825 848 2886; x_wconf 88' lang='lat' dir='ltr'><strong>per</strong></span> <span class='ocrx_word' id='word_1_201' title='bbox 875 2815 995 2867; x_wconf 86' lang='lat' dir='ltr'><strong>nostras</strong></span> <span class='ocrx_word' id='word_1_202' title='bbox 1024 2805 1119 2866; x_wconf 86' lang='lat' dir='ltr'><strong>malas</strong></span> <span class='ocrx_word' id='word_1_203' title='bbox 1152 2804 1318 2877; x_wconf 87' lang='lat' dir='ltr'><strong>suasiones,</strong></span> 
     </span>
     <span class='ocr_line' id='line_1_26' title="bbox 157 2893 1320 2992; baseline -0.005 -24"><span class='ocrx_word' id='word_1_204' title='bbox 157 2987 159 2992; x_wconf 67' lang='lat'><strong>,</strong></span> <span class='ocrx_word' id='word_1_205' title='bbox 182 2907 305 2988; x_wconf 88' lang='lat' dir='ltr'><strong>quando</strong></span> <span class='ocrx_word' id='word_1_206' title='bbox 327 2905 419 2968; x_wconf 71' lang='lat' dir='ltr'><strong>nobis?</strong></span> <span class='ocrx_word' id='word_1_207' title='bbox 435 2903 632 2978; x_wconf 88' lang='lat' dir='ltr'><strong>confitentur,</strong></span> <span class='ocrx_word' id='word_1_208' title='bbox 654 2913 686 2965; x_wconf 89' lang='lat' dir='ltr'><strong>et</strong></span> <span class='ocrx_word' id='word_1_209' title='bbox 703 2925 761 2986; x_wconf 89' lang='lat' dir='ltr'><strong>per</strong></span> <span class='ocrx_word' id='word_1_210' title='bbox 781 2924 987 2986; x_wconf 84' lang='lat' dir='ltr'><strong>consequens,</strong></span> <span class='ocrx_word' id='word_1_211' title='bbox 1015 2893 1139 2986; x_wconf 74' lang='lat' dir='ltr'><strong>quandri</strong></span> <span class='ocrx_word' id='word_1_212' title='bbox 1158 2893 1320 2986; x_wconf 67' lang='lat' dir='ltr'><strong>praedica·</strong></span> 
     </span>
     <span class='ocr_line' id='line_1_27' title="bbox 182 3003 1320 3090; baseline -0.004 -22"><span class='ocrx_word' id='word_1_213' title='bbox 182 3029 252 3068; x_wconf 88' lang='lat' dir='ltr'><strong>mus</strong></span> <span class='ocrx_word' id='word_1_214' title='bbox 274 3007 314 3066; x_wconf 91' lang='lat' dir='ltr'><strong>ad</strong></span> <span class='ocrx_word' id='word_1_215' title='bbox 332 3006 485 3086; x_wconf 90' lang='lat' dir='ltr'><strong>populum</strong></span> <span class='ocrx_word' id='word_1_216' title='bbox 505 3013 612 3065; x_wconf 89' lang='lat' dir='ltr'><strong>contra</strong></span> <span class='ocrx_word' id='word_1_217' title='bbox 632 3003 705 3064; x_wconf 92' lang='lat' dir='ltr'><strong>illos</strong></span> <span class='ocrx_word' id='word_1_218' title='bbox 730 3005 917 3090; x_wconf 73' lang='lat' dir='ltr'><strong>nebulones,</strong></span> <span class='ocrx_word' id='word_1_219' title='bbox 952 3014 984 3065; x_wconf 86' lang='lat' dir='ltr'><strong>et</strong></span> <span class='ocrx_word' id='word_1_220' title='bbox 1011 3005 1056 3064; x_wconf 86' lang='lat' dir='ltr'><strong>eis</strong></span> <span class='ocrx_word' id='word_1_221' title='bbox 1082 3003 1320 3080; x_wconf 77' lang='lat' dir='ltr'><strong>detraxerimus,</strong></span> 
     </span>
     <span class='ocr_line' id='line_1_28' title="bbox 182 3104 1320 3186; baseline -0.004 -18"><span class='ocrx_word' id='word_1_222' title='bbox 182 3105 291 3169; x_wconf 87' lang='lat' dir='ltr'><strong>rustici</strong></span> <span class='ocrx_word' id='word_1_223' title='bbox 310 3127 376 3166; x_wconf 89' lang='lat' dir='ltr'><strong>non</strong></span> <span class='ocrx_word' id='word_1_224' title='bbox 395 3105 539 3165; x_wconf 83' lang='lat' dir='ltr'><strong>credent:</strong></span> <span class='ocrx_word' id='word_1_225' title='bbox 570 3115 601 3164; x_wconf 90' lang='lat' dir='ltr'><strong>et</strong></span> <span class='ocrx_word' id='word_1_226' title='bbox 619 3124 677 3186; x_wconf 90' lang='lat' dir='ltr'><strong>per</strong></span> <span class='ocrx_word' id='word_1_227' title='bbox 697 3123 901 3185; x_wconf 88' lang='lat' dir='ltr'><strong>consequens,</strong></span> <span class='ocrx_word' id='word_1_228' title='bbox 929 3123 995 3180; x_wconf 84' lang='lat' dir='ltr'><strong>non</strong></span> <span class='ocrx_word' id='word_1_229' title='bbox 1017 3104 1135 3165; x_wconf 88' lang='lat' dir='ltr'><strong>dabunt</strong></span> <span class='ocrx_word' id='word_1_230' title='bbox 1157 3105 1250 3166; x_wconf 90' lang='lat' dir='ltr'><strong>uobis</strong></span> <span class='ocrx_word' id='word_1_231' title='bbox 1270 3125 1320 3164; x_wconf 91' lang='lat' dir='ltr'><strong>ca-</strong></span> 
     </span>
     <span class='ocr_line' id='line_1_29' title="bbox 182 3201 1319 3286; baseline -0.004 -19"><span class='ocrx_word' id='word_1_232' title='bbox 182 3201 265 3282; x_wconf 76' lang='lat' dir='ltr'><strong>scos,</strong></span> <span class='ocrx_word' id='word_1_233' title='bbox 289 3213 320 3266; x_wconf 87' lang='lat' dir='ltr'><strong>et</strong></span> <span class='ocrx_word' id='word_1_234' title='bbox 341 3223 418 3279; x_wconf 88' lang='lat' dir='ltr'><strong>ova,</strong></span> <span class='ocrx_word' id='word_1_235' title='bbox 441 3216 472 3266; x_wconf 89' lang='lat' dir='ltr'><strong>et</strong></span> <span class='ocrx_word' id='word_1_236' title='bbox 495 3203 724 3280; x_wconf 85' lang='lat' dir='ltr'><strong>Sobinckones,</strong></span> <span class='ocrx_word' id='word_1_237' title='bbox 746 3205 868 3286; x_wconf 85' lang='lat' dir='ltr'><strong>quando</strong></span> <span class='ocrx_word' id='word_1_238' title='bbox 888 3203 1030 3281; x_wconf 84' lang='lat' dir='ltr'><strong>vadimus</strong></span> <span class='ocrx_word' id='word_1_239' title='bbox 1050 3203 1208 3282; x_wconf 80' lang='lat' dir='ltr'><strong>villatum.</strong></span> <span class='ocrx_word' id='word_1_240' title='bbox 1248 3205 1319 3264; x_wconf 89' lang='lat' dir='ltr'><strong>Me-</strong></span> 
     </span>
     <span class='ocr_line' id='line_1_30' title="bbox 183 3294 1321 3387; baseline -0.004 -20"><span class='ocrx_word' id='word_1_241' title='bbox 183 3307 244 3369; x_wconf 90' lang='lat' dir='ltr'><strong>lius</strong></span> <span class='ocrx_word' id='word_1_242' title='bbox 284 3318 332 3366; x_wconf 89' lang='lat' dir='ltr'><strong>est</strong></span> <span class='ocrx_word' id='word_1_243' title='bbox 362 3322 435 3382; x_wconf 86' lang='lat' dir='ltr'><strong>ergo</strong></span> <span class='ocrx_word' id='word_1_244' title='bbox 470 3294 655 3384; x_wconf 78' lang='lat' dir='ltr'><strong>praevenire</strong></span> <span class='ocrx_word' id='word_1_245' title='bbox 690 3324 784 3384; x_wconf 85' lang='lat' dir='ltr'><strong>quam</strong></span> <span class='ocrx_word' id='word_1_246' title='bbox 818 3303 1007 3387; x_wconf 75' lang='lat' dir='ltr'><strong>praeveniri,</strong></span> <span class='ocrx_word' id='word_1_247' title='bbox 1088 3305 1192 3382; x_wconf 75' lang='lat' dir='ltr'><strong>Dupl.</strong></span> <span class='ocrx_word' id='word_1_248' title='bbox 1244 3302 1321 3364; x_wconf 83' lang='lat' dir='ltr'><strong>Exi-</strong></span> 
     </span>
     <span class='ocr_line' id='line_1_31' title="bbox 182 3400 1320 3485; baseline -0.008 -16"><span class='ocrx_word' id='word_1_249' title='bbox 182 3407 248 3469; x_wconf 85' lang='lat' dir='ltr'><strong>mio</strong></span> <span class='ocrx_word' id='word_1_250' title='bbox 269 3415 300 3466; x_wconf 88' lang='lat' dir='ltr'><strong>et</strong></span> <span class='ocrx_word' id='word_1_251' title='bbox 319 3402 588 3484; x_wconf 85' lang='lat' dir='ltr'><strong>superdoclissime</strong></span> <span class='ocrx_word' id='word_1_252' title='bbox 608 3403 756 3485; x_wconf 84' lang='lat' dir='ltr'><strong>Magister</strong></span> <span class='ocrx_word' id='word_1_253' title='bbox 774 3415 897 3480; x_wconf 87' lang='lat' dir='ltr'><strong>noster,</strong></span> <span class='ocrx_word' id='word_1_254' title='bbox 941 3413 997 3485; x_wconf 87' lang='lat' dir='ltr'><strong>ego</strong></span> <span class='ocrx_word' id='word_1_255' title='bbox 1028 3403 1133 3465; x_wconf 87' lang='lat' dir='ltr'><strong>nescio</strong></span> <span class='ocrx_word' id='word_1_256' title='bbox 1161 3401 1240 3484; x_wconf 86' lang='lat' dir='ltr'><strong>quid</strong></span> <span class='ocrx_word' id='word_1_257' title='bbox 1272 3400 1320 3462; x_wconf 81' lang='lat' dir='ltr'><strong>di-</strong></span> 
     </span>
     <span class='ocr_line' id='line_1_32' title="bbox 184 3499 1413 3593; baseline -0.006 -25"><span class='ocrx_word' id='word_1_258' title='bbox 184 3527 270 3568; x_wconf 87' lang='lat' dir='ltr'><strong>cam:</strong></span> <span class='ocrx_word' id='word_1_259' title='bbox 312 3523 368 3582; x_wconf 83' lang='lat' dir='ltr'><strong>ego</strong></span> <span class='ocrx_word' id='word_1_260' title='bbox 388 3499 472 3563; x_wconf 83' lang='lat' dir='ltr'><strong>bene</strong></span> <span class='ocrx_word' id='word_1_261' title='bbox 501 3503 617 3564; x_wconf 86' lang='lat' dir='ltr'><strong>vellem</strong></span> <span class='ocrx_word' id='word_1_262' title='bbox 641 3503 731 3566; x_wconf 85' lang='lat' dir='ltr'><strong>vobis</strong></span> <span class='ocrx_word' id='word_1_263' title='bbox 759 3502 820 3593; x_wconf 71' lang='lat' dir='ltr'><strong>boc</strong></span> <span class='ocrx_word' id='word_1_264' title='bbox 841 3501 933 3584; x_wconf 87' lang='lat' dir='ltr'><strong>louge</strong></span> <span class='ocrx_word' id='word_1_265' title='bbox 952 3513 1024 3564; x_wconf 87' lang='lat' dir='ltr'><strong>ante</strong></span> <span class='ocrx_word' id='word_1_266' title='bbox 1042 3502 1177 3571; x_wconf 80' lang='lat' dir='ltr'><strong>dixisse,</strong></span> <span class='ocrx_word' id='word_1_267' title='bbox 1210 3502 1267 3563; x_wconf 90' lang='lat' dir='ltr'><strong>sed</strong></span> <span class='ocrx_word' id='word_1_268' title='bbox 1287 3511 1321 3562; x_wconf 91' lang='lat' dir='ltr'><strong>ut</strong></span> <span class='ocrx_word' id='word_1_269' title='bbox 1412 3569 1413 3584; x_wconf 12' lang='grc' dir='ltr'>χ</span> 
     </span>
     <span class='ocr_line' id='line_1_33' title="bbox 183 3601 1413 3686; baseline -0.005 -18"><span class='ocrx_word' id='word_1_270' title='bbox 183 3608 260 3669; x_wconf 83' lang='lat' dir='ltr'><strong>dicit</strong></span> <span class='ocrx_word' id='word_1_271' title='bbox 281 3603 395 3678; x_wconf 77' lang='lat' dir='ltr'><strong>Poia&#39;ta,</strong></span> <span class='ocrx_word' id='word_1_272' title='bbox 416 3601 504 3663; x_wconf 88' lang='lat' dir='ltr'><strong>tarde</strong></span> <span class='ocrx_word' id='word_1_273' title='bbox 524 3622 640 3664; x_wconf 89' lang='lat' dir='ltr'><strong>venere</strong></span> <span class='ocrx_word' id='word_1_274' title='bbox 662 3602 793 3664; x_wconf 88' lang='lat' dir='ltr'><strong>subulci.</strong></span> <span class='ocrx_word' id='word_1_275' title='bbox 834 3603 928 3664; x_wconf 89' lang='lat' dir='ltr'><strong>Nunc</strong></span> <span class='ocrx_word' id='word_1_276' title='bbox 947 3603 987 3663; x_wconf 92' lang='lat' dir='ltr'><strong>ad</strong></span> <span class='ocrx_word' id='word_1_277' title='bbox 1005 3602 1135 3686; x_wconf 80' lang='lat' dir='ltr'><strong>longum</strong></span> <span class='ocrx_word' id='word_1_278' title='bbox 1155 3602 1246 3664; x_wconf 87' lang='lat' dir='ltr'><strong>venit</strong></span> <span class='ocrx_word' id='word_1_279' title='bbox 1265 3623 1322 3663; x_wconf 89' lang='lat' dir='ltr'><strong>ne·</strong></span> <span class='ocrx_word' id='word_1_280' title='bbox 1412 3645 1413 3648; x_wconf 63' lang='lat'><strong>,</strong></span> 
     </span>
     <span class='ocr_line' id='line_1_34' title="bbox 182 3699 1320 3790; baseline -0.006 -24"><span class='ocrx_word' id='word_1_281' title='bbox 182 3707 325 3790; x_wconf 87' lang='lat' dir='ltr'><strong>gocium,</strong></span> <span class='ocrx_word' id='word_1_282' title='bbox 367 3711 399 3762; x_wconf 88' lang='lat' dir='ltr'><strong>et</strong></span> <span class='ocrx_word' id='word_1_283' title='bbox 418 3699 616 3783; x_wconf 80' lang='lat' dir='ltr'><strong>mstltiplicati</strong></span> <span class='ocrx_word' id='word_1_284' title='bbox 636 3713 709 3764; x_wconf 89' lang='lat' dir='ltr'><strong>sunt</strong></span> <span class='ocrx_word' id='word_1_285' title='bbox 728 3723 823 3786; x_wconf 85' lang='lat' dir='ltr'><strong>super</strong></span> <span class='ocrx_word' id='word_1_286' title='bbox 842 3723 1019 3764; x_wconf 85' lang='lat' dir='ltr'><strong>numerum.</strong></span> <span class='ocrx_word' id='word_1_287' title='bbox 1081 3704 1147 3784; x_wconf 87' lang='lat' dir='ltr'><strong>Ego</strong></span> <span class='ocrx_word' id='word_1_288' title='bbox 1168 3722 1237 3762; x_wconf 91' lang='lat' dir='ltr'><strong>non</strong></span> <span class='ocrx_word' id='word_1_289' title='bbox 1258 3701 1320 3763; x_wconf 88' lang='lat' dir='ltr'><strong>scio</strong></span> 
     </span>
     <span class='ocr_line' id='line_1_35' title="bbox 183 3801 1319 3885; baseline -0.01 -14"><span class='ocrx_word' id='word_1_290' title='bbox 183 3807 347 3871; x_wconf 86' lang='lat' dir='ltr'><strong>meliorem</strong></span> <span class='ocrx_word' id='word_1_291' title='bbox 368 3801 514 3878; x_wconf 88' lang='lat' dir='ltr'><strong>modum,</strong></span> <span class='ocrx_word' id='word_1_292' title='bbox 556 3801 636 3876; x_wconf 90' lang='lat' dir='ltr'><strong>nisi,</strong></span> <span class='ocrx_word' id='word_1_293' title='bbox 671 3803 757 3885; x_wconf 88' lang='lat' dir='ltr'><strong>quod</strong></span> <span class='ocrx_word' id='word_1_294' title='bbox 782 3801 996 3884; x_wconf 88' lang='lat' dir='ltr'><strong>permittamus</strong></span> <span class='ocrx_word' id='word_1_295' title='bbox 1018 3822 1070 3863; x_wconf 90' lang='lat' dir='ltr'><strong>eos</strong></span> <span class='ocrx_word' id='word_1_296' title='bbox 1091 3801 1135 3862; x_wconf 88' lang='lat' dir='ltr'><strong>sic</strong></span> <span class='ocrx_word' id='word_1_297' title='bbox 1155 3801 1319 3863; x_wconf 87' lang='lat' dir='ltr'><strong>stultissre.</strong></span> 
     </span>
     <span class='ocr_line' id='line_1_36' title="bbox 181 3895 1320 3983; baseline -0.006 -16"><span class='ocrx_word' id='word_1_298' title='bbox 181 3909 224 3967; x_wconf 89' lang='lat' dir='ltr'><strong>Et</strong></span> <span class='ocrx_word' id='word_1_299' title='bbox 243 3905 299 3966; x_wconf 90' lang='lat' dir='ltr'><strong>ille</strong></span> <span class='ocrx_word' id='word_1_300' title='bbox 322 3911 367 3965; x_wconf 91' lang='lat' dir='ltr'><strong>cst</strong></span> <span class='ocrx_word' id='word_1_301' title='bbox 386 3901 522 3983; x_wconf 74' lang='lat' dir='ltr'><strong>optimus</strong></span> <span class='ocrx_word' id='word_1_302' title='bbox 539 3899 660 3970; x_wconf 78' lang='lat' dir='ltr'><strong>modus.</strong></span> <span class='ocrx_word' id='word_1_303' title='bbox 720 3901 801 3966; x_wconf 87' lang='lat' dir='ltr'><strong>Nam</strong></span> <span class='ocrx_word' id='word_1_304' title='bbox 822 3903 849 3964; x_wconf 91' lang='lat' dir='ltr'><strong>si</strong></span> <span class='ocrx_word' id='word_1_305' title='bbox 869 3903 1059 3979; x_wconf 85' lang='lat' dir='ltr'><strong>resistimus,</strong></span> <span class='ocrx_word' id='word_1_306' title='bbox 1087 3895 1166 3962; x_wconf 78' lang='lat' dir='ltr'><strong>trine</strong></span> <span class='ocrx_word' id='word_1_307' title='bbox 1187 3901 1251 3983; x_wconf 87' lang='lat' dir='ltr'><strong>ipsi</strong></span> <span class='ocrx_word' id='word_1_308' title='bbox 1271 3901 1320 3962; x_wconf 87' lang='lat' dir='ltr'><strong>ni-</strong></span> 
     </span>
     <span class='ocr_line' id='line_1_37' title="bbox 181 4002 1320 4088; baseline -0.003 -23"><span class='ocrx_word' id='word_1_309' title='bbox 181 4006 231 4066; x_wconf 91' lang='lat' dir='ltr'><strong>hil</strong></span> <span class='ocrx_word' id='word_1_310' title='bbox 252 4016 363 4064; x_wconf 87' lang='lat' dir='ltr'><strong>curant</strong></span> <span class='ocrx_word' id='word_1_311' title='bbox 387 4016 506 4082; x_wconf 82' lang='lat' dir='ltr'><strong>nostras</strong></span> <span class='ocrx_word' id='word_1_312' title='bbox 533 4002 712 4084; x_wconf 76' lang='lat' dir='ltr'><strong>irascarias,</strong></span> <span class='ocrx_word' id='word_1_313' title='bbox 755 4014 787 4065; x_wconf 91' lang='lat' dir='ltr'><strong>et</strong></span> <span class='ocrx_word' id='word_1_314' title='bbox 809 4023 1040 4080; x_wconf 78' lang='lat' dir='ltr'><strong>commovemus</strong></span> <span class='ocrx_word' id='word_1_315' title='bbox 1058 4003 1193 4088; x_wconf 89' lang='lat' dir='ltr'><strong>plebem.</strong></span> <span class='ocrx_word' id='word_1_316' title='bbox 1258 4003 1320 4063; x_wconf 86' lang='lat' dir='ltr'><strong>Sed</strong></span> 
     </span>
     <span class='ocr_line' id='line_1_38' title="bbox 183 4092 1321 4184; baseline -0.002 -18"><span class='ocrx_word' id='word_1_317' title='bbox 183 4110 288 4166; x_wconf 79' lang='lat' dir='ltr'><strong>tamen</strong></span> <span class='ocrx_word' id='word_1_318' title='bbox 322 4103 349 4162; x_wconf 89' lang='lat' dir='ltr'><strong>si</strong></span> <span class='ocrx_word' id='word_1_319' title='bbox 382 4103 484 4166; x_wconf 86' lang='lat' dir='ltr'><strong>adhuc</strong></span> <span class='ocrx_word' id='word_1_320' title='bbox 504 4093 650 4166; x_wconf 81' lang='lat' dir='ltr'><strong>‘centum</strong></span> <span class='ocrx_word' id='word_1_321' title='bbox 681 4104 782 4165; x_wconf 89' lang='lat' dir='ltr'><strong>modis</strong></span> <span class='ocrx_word' id='word_1_322' title='bbox 817 4097 861 4165; x_wconf 91' lang='lat' dir='ltr'><strong>sic</strong></span> <span class='ocrx_word' id='word_1_323' title='bbox 900 4093 1093 4180; x_wconf 60' lang='lat' dir='ltr'><strong>scriberent,¹</strong></span> <span class='ocrx_word' id='word_1_324' title='bbox 1118 4092 1321 4184; x_wconf 57' lang='lat' dir='ltr'><strong>&#39;&#39;ego&#39;tamen</strong></span> 
     </span>
     <span class='ocr_line' id='line_1_39' title="bbox 184 4200 1322 4283; baseline 0.003 -21"><span class='ocrx_word' id='word_1_325' title='bbox 184 4223 249 4272; x_wconf 84' lang='lat' dir='ltr'><strong>uon</strong></span> <span class='ocrx_word' id='word_1_326' title='bbox 271 4202 344 4262; x_wconf 88' lang='lat' dir='ltr'><strong>volo</strong></span> <span class='ocrx_word' id='word_1_327' title='bbox 364 4200 573 4282; x_wconf 57' lang='lat' dir='ltr'><strong>disceresshoc</strong></span> <span class='ocrx_word' id='word_1_328' title='bbox 594 4205 753 4280; x_wconf 61' lang='lat' dir='ltr'><strong>‘Graecum</strong></span> <span class='ocrx_word' id='word_1_329' title='bbox 767 4207 814 4267; x_wconf 78' lang='lat' dir='ltr'><strong>&#39;et&#39;</strong></span> <span class='ocrx_word' id='word_1_330' title='bbox 833 4203 1032 4266; x_wconf 83' lang='lat' dir='ltr'><strong>Hebraicum.</strong></span> <span class='ocrx_word' id='word_1_331' title='bbox 1091 4203 1158 4283; x_wconf 80' lang='lat' dir='ltr'><strong>ligo</strong></span> <span class='ocrx_word' id='word_1_332' title='bbox 1177 4203 1237 4264; x_wconf 83' lang='lat' dir='ltr'><strong>vix</strong></span> <span class='ocrx_word' id='word_1_333' title='bbox 1258 4204 1322 4265; x_wconf 89' lang='lat' dir='ltr'><strong>scio</strong></span> 
     </span>
     <span class='ocr_line' id='line_1_40' title="bbox 185 4291 1323 4390; baseline 0.005 -32"><span class='ocrx_word' id='word_1_334' title='bbox 185 4291 289 4380; x_wconf 81' lang='lat' dir='ltr'><strong>legere</strong></span> <span class='ocrx_word' id='word_1_335' title='bbox 309 4301 513 4379; x_wconf 85' lang='lat' dir='ltr'><strong>Psalterium,</strong></span> <span class='ocrx_word' id='word_1_336' title='bbox 528 4314 592 4365; x_wconf 76' lang='lat' dir='ltr'><strong>:et</strong></span> <span class='ocrx_word' id='word_1_337' title='bbox 614 4303 911 4390; x_wconf 57' lang='lat' dir='ltr'><strong>debersusdisce&#39;re„</strong></span> <span class='ocrx_word' id='word_1_338' title='bbox 925 4306 995 4371; x_wconf 79' lang='lat' dir='ltr'><strong>illus</strong></span> <span class='ocrx_word' id='word_1_339' title='bbox 1023 4303 1206 4388; x_wconf 76' lang='lat' dir='ltr'><strong>phantasias.</strong></span> <span class='ocrx_word' id='word_1_340' title='bbox 1269 4306 1323 4368; x_wconf 83' lang='lat' dir='ltr'><strong>Est</strong></span> 
     </span>
    </p>
   </div>
   <div class='ocr_carea' id='block_1_3' title="bbox 0 0 1426 4708">
    <p class='ocr_par' dir='ltr' id='par_1_3' title="bbox 0 0 1426 4708">
     <span class='ocr_line' id='line_1_41' title="bbox 0 0 1426 4708; baseline 0 0"><span class='ocrx_word' id='word_1_341' title='bbox 0 0 1426 4708; x_wconf 95' lang='lat' dir='ltr'><strong> </strong></span> 
     </span>
    </p>
   </div>
  </div>
 </body>
</html>
