2872 4722
205 278 267 345 120
566 274 962 338 EPISTULAE

207 435 356 498 dicuntur
378 443 480 516 patres
505 433 694 492 Senatorum.
753 429 831 493 Item
851 449 960 490 currus
980 429 1094 492 dicitur
1119 451 1141 492 a
1158 431 1322 510 currenda,

207 536 280 616 quis
300 557 359 616 per
378 519 447 595 eum
474 538 602 590 currunt
622 529 772 591 interiora
790 529 831 590 ad
849 541 947 590 extra.
996 533 1073 590 Item
1099 529 1147 610 jus
1166 529 1243 610 juris
1260 533 1322 610 sig-

205 633 310 698 nificat
328 630 492 714 justitiam:
511 628 564 689 sed
583 627 724 707 jusjuris
743 627 893 707 significat
913 629 1076 710 prndium,
1097 629 1181 690 unde
1198 650 1322 712 versus:

205 735 258 794 Jus
276 731 354 811 juris
376 727 502 804 mando,
522 726 570 807 jus
585 725 669 806 'juris
691 725 724 786 in
745 727 866 808 agmine
882 728 996 808 pando.
1040 728 1119 788 Item
1139 729 1243 788 Lucar
1262 727 1324 808 aig·
1344 773 1348 787 .

205 828 309 896 nificat
321 827 501 910 pecuniam,
521 845 600 906 quae
622 823 779 905 colligitur
799 847 840 885 ex
858 827 947 887 luero
969 827 1081 889 velex
1101 827 1197 906 sylva.
1232 828 1322 890 ¹Item

205 929 370 992 Mantellua
390 923 540 1006 significat
558 923 704 1005 pallium,
740 938 770 985 et
794 925 869 987 inde
885 925 971 988 venit
991 925 1212 986 diminutivum
1234 945 1324 984 man*

204 1028 323 1090 ticinus.
374 1023 608 1097 Macchauicus,
635 1023 668 1083 id
690 1033 735 1084 est
754 1024 958 1099 adulterinus,
977 1024 1052 1085 hinc
1070 1024 1215 1085 dicuntur
1233 1024 1325 1085 Artes

204 1123 437 1198 Macchanicae,
465 1123 581 1196 idest,
608 1121 816 1198 adulterinae,
851 1133 992 1204 respectu
1011 1122 1223 1196 Liberalium,
1246 1143 1326 1204 qaae

204 1234 275 1288 sunt
303 1208 397 1284 uerae
415 1231 506 1282 artes.
545 1222 622 1282 Item
649 1222 841 1284 Mensorium
869 1213 1100 1303 eat‚‹'1uicquid
1128 1222 1168 1282 ad
1187 1241 1325 1282 mensam

204 1321 348 1404 pertinet.
417 1323 493 1382 ltem
515 1319 691 1400 Polyhistor
714 1321 845 1395 dieitur,
879 1322 934 1402 qui
957 1307 1146 1382 acit‘multsa
1165 1319 1326 1382 historiast

205 1422 278 1482 inde
297 1422 385 1483 venit
404 1419 629 1500 Pulyhistoria,
659 1420 776 1496 idest,
804 1413 963 1503 pluralitas
985 1418 1193 1481 historiarum.
1232 1418 1327 1497 Poly-

205 1542 306 1584 semua
327 1519 460 1586 dicitur,
481 1517 535 1600 qui
555 1517 647 1578 habet
665 1519 770 1598 plures
790 1540 905 1580 sensus.
955 1519 1017 1580 Ista
1036 1529 1068 1578 et
1085 1517 1201 1578 similia
1219 1515 1328 1577 dicunt

205 1640 270 1680 non
297 1639 361 1694 esse
388 1638 481 1691 vera,
525 1628 556 1676 et
582 1617 801 1680 scandalizavit
825 1639 875 1678 me
902 1639 1006 1678 coram
1033 1617 1223 1678 scholaribus
1241 1615 1328 1675 meis.

206 1723 297 1782 Tunc
315 1738 372 1802 ego
392 1715 474 1790 dixi,
495 1714 578 1796 quod
598 1715 727 1776 sufficiat
745 1716 785 1777 ad
804 1729 958 1779 aeternam
980 1718 1129 1789 sulutem,
1166 1713 1248 1794 quod
1270 1713 1329 1773 ali·

207 1819 276 1898 quis
296 1828 341 1877 est
359 1807 499 1895 simplex'
512 1813 752 1887 Grammaticus,
790 1823 821 1874 et
839 1817 945 1876 saltem
966 1815 1023 1877 scit
1043 1813 1217 1896 exprimere
1239 1831 1331 1875 men-

207 1916 247 1976 tis
265 1923 457 1994 conceptum.
496 1914 587 1973 Tunc
606 1911 780 1991 respondit:
800 1914 883 1993 quod
902 1935 1004 1996 neque
1020 1934 1088 1974 sum
1105 1912 1257 1992 simplex,
1273 1931 1330 1970 ne-

98 2067 100 2080 ,
208 2033 269 2093 que
298 2013 414 2092 duplex
434 2010 675 2086 Grammaticus,
707 2020 738 2071 et
762 2009 845 2072 nihil
869 2012 941 2073 seio.
1002 2011 1170 2098 Teneliui
1191 2012 1330 2083 laetatus,
1430 2025 1431 2030 ’

209 2110 363 2191 quiajam
384 2110 456 2170 volo
479 2109 574 2170 citare
596 2129 667 2170 eum
693 2108 732 2170 sd
753 2109 916 2192 privilegia
932 2111 1150 2173 Universitatia
1168 2109 1333 2170 Viennen-

210 2209 267 2284 sis,
303 2207 360 2268 ubi
389 2207 479 2268 debet
503 2206 689 2288 respondere
717 2207 810 2284 mihi,
852 2211 925 2290 quia
950 2210 995 2272 ibi
1024 2232 1092 2272 sum
1114 2218 1273 2291 promotus
1292 2207 1334 2266 de

211 2307 308 2390 gratia
328 2305 389 2368 Dei
412 2305 446 2366 in
468 2305 665 2388 Magistrum
702 2317 733 2368 et
758 2307 786 2368 si
806 2307 856 2368 fui
873 2309 1024 2370 sufficiens
1044 2309 1102 2371 toti
1121 2305 1335 2378 Universitati,

213 2405 305 2466 etiam
318 2407 391 2470 volo
411 2405 562 2466 sufficiens
583 2426 646 2466 esse
669 2405 725 2466 uni
744 2407 873 2482 Poetae,
893 2409 967 2488 quia
987 2404 1178 2471 Univeraitas
1198 2416 1243 2467 eat
1262 2406 1336 2486 plus

212 2525 305 2586 quam
325 2507 428 2567 Poeta.
488 2506 529 2567 Et
549 2506 677 2566 credatis
697 2506 796 2581 mihi,
829 2527 885 2588 ego
910 2527 975 2570 non
1001 2509 1114 2570 vellem
1141 2507 1230 2570 istam
1249 2503 1337 2583 inju-

213 2604 292 2665 riam
314 2602 388 2664 dare
409 2623 468 2684 pro
488 2602 600 2686 viginti
619 2604 753 2666 florenis.
792 2605 918 2669 Dicitur
936 2607 1005 2681 hie,
1027 2607 1109 2687 quod
1131 2625 1239 2665 omnes
1254 2604 1339 2691 Poe·

214 2713 264 2764 tae
283 2703 395 2765 volunt
414 2711 494 2762 stare
516 2723 584 2763 cum
605 2705 740 2764 Doctore
758 2705 914 2766 Renchlin
943 2715 1050 2766 eoum
1077 2703 1268 2782 Theologos,
1306 2709 1340 2762 et

215 2800 299 2884 quod
320 2821 401 2860 unus
420 2799 482 2880 jam
505 2805 675 2882 composuit
694 2823 792 2864 unum
813 2806 945 2879 librum,
966 2803 1020 2885 qui
1039 2783 1189 2865 vocantur
1205 2800 1340 2862 Trium-

180 2971 183 2978 ,
216 2901 297 2984 phua
319 2897 507 2980 Capnionis,
542 2911 573 2960 et
592 2903 728 2962 continet
748 2905 846 2966 multa
870 2903 1028 2977 scandala,
1061 2902 1153 2963 etiarn
1180 2899 1341 2962 devehis.

218 2999 343 3060 Utinam
366 3017 473 3056 omnes
491 2997 603 3058 Poetae
622 3011 721 3064 essent
740 3003 804 3077 ibi,
840 3005 895 3065 ubi
914 3002 1005 3084 piper
1025 3001 1147 3074 erescit,
1183 2998 1268 3079 quod
1286 2998 1342 3058 ‹ti-

218 3098 376 3158 mitterent
395 3115 452 3162 nes
473 3096 515 3164 in
527 3119 619 3177 pace,
640 3101 713 3180 quia
731 3102 903 3164 timendum
916 3113 978 3176 est,
1014 3101 1097 3182 quod
1116 3099 1256 3160 Faeadtas
1277 3098 1341 3158 Ar-

218 3197 319 3260 tistica
329 3193 445 3277 peribit
457 3207 585 3276 propter
603 3199 673 3260 illos
693 3201 818 3278 Poetas;
850 3203 923 3282 quia
944 3201 1004 3282 ipsi
1024 3200 1148 3272 dieunt,
1176 3197 1260 3278 quod
1278 3201 1343 3258 Ar-

205 3295 309 3368 ¹tistae
328 3293 478 3374 seducunt
496 3293 640 3373 juvenes,
677 3307 708 3360 et
726 3300 881 3381 accipiunt
904 3300 943 3361 ab
964 3300 1008 3360 eis
1024 3296 1206 3381 pmuniam,
1242 3305 1272 3356 et
1290 3295 1341 3356 fa-

222 3395 309 3454 ciunt
338 3412 389 3452 eos
410 3390 621 3456 Baccalaurios
647 3407 677 3460 et
703 3399 882 3478 Magistros,
912 3397 1032 3458 etiamsi
1050 3396 1132 3457 nihil
1152 3393 1260 3455 sciunt.
1300 3393 1342 3452 Et

135 3564 138 3569 Ι
223 3493 284 3572 jam
305 3491 465 3567 fecerunt,
502 3494 585 3573 quod
609 3493 762 3557 scholares
783 3518 846 3558 non
866 3497 1000 3578 amplius
1026 3495 1136 3558 volunt
1157 3511 1342 3574 promovere

224 3592 259 3651 in
277 3591 410 3664 artibus,
443 3591 496 3652 sed
517 3612 623 3657 omnes
642 3599 752 3660 uolunt
773 3617 838 3658 esee
861 3597 981 3656 Poetae.
1006 3577 1011 3607 ⁴
1041 3595 1107 3676 Ego
1126 3593 1225 3654 habeo
1245 3608 1343 3653 unaun

226 3689 375 3765 amicum,
410 3690 465 3770 qui
486 3702 531 3752 est
550 3694 647 3756 bonus
666 3696 804 3777 juvenis,
841 3705 873 3758 et
891 3695 983 3757 habet
1003 3695 1153 3776 optimum
1172 3690 1342 3772 ingenium,

228 3799 260 3850 et
277 3793 418 3870 parentes
438 3789 487 3850 sui
507 3791 656 3858 miserunt
676 3817 748 3856 eum
768 3796 807 3855 ad
827 3792 996 3874 Ingelstad,
1030 3805 1061 3856 et
1082 3813 1138 3875 ego
1159 3788 1284 3852 dedici
1301 3787 1339 3850 li·

228 3898 309 3950 teras
328 3889 563 3968 promotoriales
581 3895 621 3954 ad
640 3896 792 3976 quendam
811 3886 1012 3976 Magistrum,
1032 3893 1087 3975 qui
1106 3893 1186 3954 bene
1205 3897 1251 3949 eat
1269 3906 1345 3968 qua·

230 3985 359 4046 lificatua
378 3986 412 4046 in
433 3989 564 4068 artibus,
600 4003 632 4054 et
650 4015 737 4056 none-
752 3994 851 4055 tendit
869 3995 1036 4076 procedere
1054 3993 1094 4052 ad
1113 3991 1242 4072 gradum
1261 3989 1346 4048 Doc-

232 4095 347 4147 toratus
366 4084 401 4145 in
421 4087 601 4172 Theologia.
660 4097 751 4157 Tunc
771 4095 838 4176 ipse
857 4093 980 4173 juvenis
998 4091 1123 4154 recessit
1141 4092 1179 4150 ab
1201 4089 1257 4150 illo
1276 4087 1347 4148 Ma-

21 4273 22 4280 ,
126 4236 131 4250 ¹
232 4185 341 4284 gistro,
392 4194 423 4246 et
451 4190 538 4254 veuit
560 4192 600 4255 ad
626 4194 840 4263 Philomuaum
859 4194 999 4274 Poetam,
1040 4201 1071 4253 et
1098 4189 1184 4254 audit
1201 4186 1348 4248 lectiones
