2840 4718
153 346 212 406 nn
230 341 324 406 nos
343 339 627 406 arosromms
650 297 1141 424 Quonnunauuomsus.
1162 347 1225 414 seo

91 511 122 562 et
143 509 246 564 totum
259 515 366 564 'vestra
386 501 614 584 dispensatione
634 501 675 562 ad
694 501 819 564 libitum
841 501 1000 584 dissipatis.
1044 499 1220 566 iustificatis

89 601 225 682 impium
252 609 311 683 pro
340 601 584 680 muneribuu'et
601 601 751 683 justitiam
775 603 850 684 justi
876 605 1007 665 anienis
1025 606 1064 665 ab
1092 608 1139 666 cd.
1180 607 1221 667 Et

90 701 196 760 omnia
216 719 340 780 ‘genera
367 688 519 762 scelerum
544 711 580 762 et
597 704 713 764 scelera
733 707 899 782 generum,
938 715 1033 786 prout
1064 701 1219 779 volumus,
1287 711 1289 716 ’

88 801 290 881 perpetratis,
312 808 343 861 et
363 803 496 861 multum
531 803 627 861 vestri
657 803 755 882 gratia
782 802 817 861 in
845 807 950 864 nostro
979 791 1105 866 servitio
1131 807 1220 865 iasu-

89 900 186 975 datis,
227 901 383 982 potissime
404 910 554 980 qnantum
575 899 616 959 ad
635 901 884 960 destructionem
913 900 987 962 fidei
1016 903 1220 965 Christianae.

87 1001 156 1060 Iam
186 1000 271 1060 enim
302 999 376 1059 ‘laici
403 1001 444 1060 de
468 999 532 1058 fide
559 997 729 1068 haesitant,
752 1009 783 1060 et
807 998 934 1081 siquae
953 1002 1014 1061 sibi
1035 1005 1220 1082 praedicatis

87 1099 274 1180 quandoque
294 1099 380 1173 (lieet
400 1101 496 1176 raro),
517 1108 621 1158 tamen
641 1099 863 1172 noueremus,
882 1101 1007 1177 quando
1023 1102 1132 1162 vident
1153 1123 1220 1163 ma-

87 1199 213 1276 nisam,
235 1199 317 1279 quod
338 1199 627 1278 quilibettestrum
649 1187 841 1258 contrarium
864 1209 1029 1280 operatur3
1069 1200 1148 1260 etsi
1170 1221 1220 1261 os-
1306 1231 1308 1235 v

85 1299 224 1374 tenditis,
243 1297 424 1372 aliudesse,
445 1317 536 1378 qnam
556 1295 667 1356 dicitis.
709 1297 802 1357 Unde
814 1296 877 1378 ipsi
894 1319 950 1358 vos
972 1309 1143 1378 sequentes,
1165 1300 1220 1380 qui

85 1399 147 1460 sibi
170 1399 242 1460 estis
262 1398 297 1458 in
318 1397 513 1477 exemplum,
544 1397 661 1476 jumut
680 1396 853 1477 plurimum
875 1397 953 1459 bone
972 1411 1108 1458 utuntur
1125 1419 1219 1479 regu·

84 1499 247 1560 lisnostris
267 1497 422 1557 irruentes
434 1497 468 1557 in
479 1497 607 1576 pelagus
613 1481 770 1557 vitiorum.
802 1497 843 1556 Et
862 1498 901 1557 ad
923 1487 1059 1559 firmatas
1071 1498 1219 1558 sedesba-

84 1598 166 1660 ratri
185 1597 306 1657 assidue
327 1595 456 1656 confluit
481 1597 621 1676 ipsorum
650 1597 786 1656 maxima
814 1597 989 1658 multitudo.
1051 1600 1114 1658 Τοῐ
1133 1596 1219 1660 onim
1293 1661 1294 1666 ,

85 1720 128 1758 ex
148 1696 234 1758 omni
254 1695 417 1756 hominnm
437 1707 549 1774 genere
570 1693 659 1755 nobis
681 1694 820 1774 quotidie
840 1697 1056 1772 transmittitis,
1081 1706 1219 1778 quotcu-

82 1819 161 1880 pere
180 1817 246 1857 non
265 1815 438 1876 possemus,
459 1795 525 1854 nisi
540 1806 681 1854 nostrum
702 1795 803 1856 Chaos
828 1797 1002 1858 insatiabile
1028 1794 1117 1856 mille
1146 1797 1219 1856 fau-

84 1900 173 1958 cibus
193 1895 304 1958 additis
326 1894 570 1959 innumerabiles
592 1895 709 1954 animas
728 1895 900 1975 deglutiret
913 1921 925 1940 '¹
942 1899 982 1960 Et
997 1893 1041 1956 si‘s
1057 1897 1149 1957 etium
1160 1905 1219 1978 per

83 2017 142 2058 vos
161 1995 261 2056 nostri
281 1993 411 2074 imperii
434 1993 627 2074 principatus
653 1994 757 2054 extitit
784 1997 986 2070 reformatus,
1017 2007 1049 2056 st
1062 1995 1217 2057 ¹damnum

81 2091 175 2156 nobis
193 2093 392 2176 importabile
412 2101 456 2153 est
468 2095 686 2159 'arestitutnnau
713 2095 804 2154 Unde
823 2113 878 2155 vos
895 2093 1054 2158 habemus
1080 2095 1217 2158 simliter

83 2195 320 2259 commendatos
334 2203 425 2270 atquc
448 2193 535 2252 vohis
554 2205 656 2274 grates
674 2213 800 2274 magnas
814 2194 981 2262 referimus
989 2237 1007 2273 ,-
1019 2216 1075 2256 vos
1087 2195 1217 2266 mihilnff

83 2295 190 2357 minus
211 2293 426 2362 exhortantes,
449 2303 485 2352 ut
505 2290 718 2372 percenseatis,
736 2293 819 2353 sicut
838 2293 962 2365 facitis,¹
988 2294 1120 2356 altanus
1140 2311 1215 2374 pro-

82 2395 237 2470 cedendo,
260 2394 332 2472 quia
351 2413 410 2473 per
428 2411 484 2452 vos
503 2391 703 2467 intendimus,
725 2403 825 2454 totum
838 2389 1214 2455 mundum'sub‘unstram
1241 2419 1242 2427 ¹

81 2497 237 2558 ditionem
261 2493 374 2552 iterum
411 2509 569 2552 revocare.
632 2493 699 2554 iam
740 2494 824 2554 enim
853 2494 1071 2565 multitudine,
1110 2512 1214 2574 squam
1266 2499 1268 2504 '

81 2596 174 2658 nobis
203 2593 344 2674 quotidie
369 2592 542 2666 destinatis,
584 2592 633 2652 his
663 2594 799 2653 obscuris
827 2593 997 2654 recessibus
1030 2594 1215 2654 mirabiliter

84 2695 247 2774 occupati,
265 2691 500 2754 vobis'intcrim
521 2693 742 2754 committimus
760 2693 844 2754 vices
863 2706 996 2770 nostras,
1017 2705 1048 2754 et
1069 2694 1214 2754 volumus
1301 2717 1312 2726 ²

81 2817 140 2859 vos
160 2805 281 2854 nostros
300 2811 366 2852 esse
384 2791 590 2854 vicarios-vol
605 2794 776 2869 ministros,
798 2793 871 2874 quia
891 2795 982 2854 etiam
1006 2795 1046 2854 de
1066 2793 1214 2854 missione
1251 2819 1254 2827 r

81 2892 466 2978 propinqua'Antiehristi
488 2895 674 2972 cogitamus,
702 2895 753 2954 cui
774 2894 857 2955 viam
879 2895 994 2975 optime
1014 2893 1213 2976 praeparatis.

81 2999 120 3060 ln
143 2993 282 3058 vaurum
300 3003 404 3052 tamen
427 2992 645 3054 consiliumet
671 2995 825 3078 auxilium
851 2995 893 3054 de
914 2995 1028 3074 Stygiis
1047 2995 1213 3054 eminenti-

80 3098 142 3158 bns
162 3095 193 3154 ‘et
213 3093 348 3172 Satrapis
369 3093 490 3153 Inferni
509 3094 629 3174 aliquos
644 3096 830 3155 destinamus
849 3096 902 3156 vel
921 3095 1112 3176 deputemus,
1134 3115 1212 3174 quo-

81 3215 156 3258 rum
175 3193 422 3274 suggestionibus
441 3194 635 3274 acquiescere
657 3205 687 3255 et
707 3196 819 3256 dolosis
837 3195 1071 3258 inventionibus
1098 3195 1212 3255 addere

81 3305 185 3358 vestra
207 3293 316 3352 astutia
339 3295 499 3355 consuevit
520 3304 551 3354 et
570 3295 660 3357 novit
676 3296 847 3376 prudentia.
889 3296 1021 3375 Insuper
1037 3296 1135 3368 vobis,
1157 3308 1211 3373 qui
1288 3290 1293 3308 ‘

82 3405 241 3456 summum
255 3391 367 3452 t'en'etis
387 3393 516 3474 apicem,
538 3395 727 3455 consulimus
747 3395 785 3454 ad
799 3396 957 3468 cautelam,
976 3404 1010 3457 ut
1019 3395 1101 3454 inter
1117 3394 1211 3460 Prin-

82 3495 166 3574 cipes
187 3492 302 3552 sieculi
322 3511 431 3572 pacem
457 3491 565 3552 fictitie
585 3496 773 3575 procuretis,
794 3497 847 3554 sed
869 3495 1016 3555 ecclesiae
1036 3515 1126 3554 causa
1147 3494 1224 3553 dis-·

81 3595 219 3654 cordiam
239 3592 382 3652 nutriatis
403 3601 433 3653 et
461 3592 505 3652 sic
531 3603 629 3655 astute
650 3596 826 3654 Romanum
851 3593 1018 3675 imperium
1040 3593 1210 3655 destruatis.
1267 3596 1270 3601 ’

80 3697 125 3754 lta
167 3713 227 3753 nec
268 3693 475 3775 permittatis,
527 3693 653 3774 aliquod
695 3714 826 3774 regnum
872 3693 1005 3754 nimium
1056 3692 1209 3772 ampliari,

81 3815 122 3854 ne
143 3793 237 3868 forte,
257 3793 352 3853 nimis
373 3791 532 3854 fortificati
553 3806 583 3854 et
602 3813 714 3874 pacem,
729 3795 886 3867 habentes,
915 3792 1015 3854 velint
1034 3793 1210 3872 deprimere

80 3903 221 3956 vestrum
247 3904 360 3954 statum
382 3903 413 3953 et
431 3915 450 3954 a
471 3893 560 3955 vobis
581 3894 706 3954 auferre
737 3893 913 3969 thesauros,
953 3913 1029 3973 quos
1050 3890 1133 3971 apud
1153 3911 1209 3952 vos

81 3994 117 4052 in
139 3991 281 4074 deposito
301 4013 360 4073 pro
368 3993 557 4056 Antichristo
574 3991 705 4054 fecimus
725 3994 888 4068 reservari,
904 3991 1131 4052 commendatas
1151 3991 1209 4050 ha-

80 4094 188 4154 bentes
209 4101 328 4153 nostras
351 4092 541 4154 charissimas
562 4093 657 4164 filias,
693 4093 886 4174 superbiam,
913 4091 1091 4166 avaritiam,
1119 4091 1208 4151 frau-

79 4191 171 4268 dem,
196 4191 355 4252 lnxnriam
378 4205 409 4252 et
426 4195 517 4264 alias,
535 4195 701 4276 praecipue
722 4195 878 4254 dominam
899 4192 1087 4264 simoniam,
1130 4211 1209 4270 quae

81 4313 141 4352 vos
160 4291 239 4354 feeit
260 4309 295 4353 ac
316 4294 451 4375 propriis
476 4295 602 4356 laetavit
621 4294 768 4356 uberibus
789 4305 820 4354 et
844 4293 987 4355 nutrivit.
1047 4293 1210 4372 ipsamque
1259 4280 1261 4285 ¹
