2840 4718
201 305 266 377 398
507 307 991 383 ·n1tnoc1v11.
1089 357 1091 364 >

200 465 246 532 ris
273 464 407 532 Martini
430 475 464 526 et
487 461 575 534 illius
604 465 788 548 imaginem
833 485 945 528 verum
980 487 1052 530 eum
1072 465 1113 531 do
1131 487 1221 530 more
1238 467 1326 530 vellet

102 564 117 580 ⁴
200 565 403 638 descendere,
416 583 562 646 praeceps
581 567 711 640 labitur,
732 584 917 646 nasumque,
940 567 993 646 qui
1013 568 1064 628 illi
1085 568 1223 630 aduncas
1242 577 1326 628 estas

199 666 409 746 praelongos„
431 666 599 726 steritem
619 665 654 729 iti
674 664 898 744 rota-impegit.
958 670 1045 729 Bona
1066 667 1220 742 fortuna,
1261 687 1326 726 cum

200 763 353 826 cervicem
375 764 518 843 frangero
539 764 708 839 debuisset,
751 764 787 824 ni
807 785 826 824 s
842 765 1040 848 stipatoribus
1060 767 1170 826 fuisset
1187 785 1327 847 praeser-

198 874 298 926 vasus.
360 862 447 941 Quid
466 862 585 928 si-ideo
605 865 688 926 forte
708 875 921 946 praeservatur
943 879 1006 940 cst,
1037 877 1071 924 ut
1089 866 1187 946 sapiat
1207 865 1326 926 tandem
1400 929 1401 952 q

199 977 230 1024 et
250 972 410 1042 cognoscat
430 981 464 1022 se
484 983 549 1022 esse
562 974 774 1044 peccatorem,
809 965 987 1044 desinatque
1012 965 1134 1028 tandem
1153 966 1327 1034 dementare
1400 969 1401 1042 l

200 1061 406 1126 Germanos?
433 1061 539 1124 Dixit
567 1063 666 1127 Van:
686 1063 858 1124 Martinum
879 1065 1073 1138 Lutherum,
1111 1064 1217 1126 virum
1238 1064 1324 1124 illum
1400 1055 1401 1080 ³

197 1163 409 1226 venerabilem
435 1173 466 1220 et
491 1161 681 1242 piissimum,
723 1165 856 1225 alterum
884 1177 1009 1226 nostrae
1042 1163 1148 1226 astatis
1171 1163 1329 1242 Hierony-

197 1283 300 1337 mum,
340 1261 437 1341 siquis
466 1262 683 1333 combusserit,
720 1263 977 1342 quemadmodum
1001 1265 1105 1344 ignem
1125 1261 1326 1332 sibiminau·

107 1366 112 1377 '
196 1376 249 1424 tur
269 1363 495 1435 Romanenses,
521 1381 613 1435 nemo
635 1361 695 1422 boc
714 1365 808 1426 faciet
826 1365 888 1424 nisi
910 1363 1067 1424 haeretici.
1105 1361 1197 1425 Dixit
1217 1365 1325 1440 Pasq..·
1385 1351 1387 1360 ’

196 1461 322 1528 Audiri
343 1461 403 1522 hoc
425 1477 509 1520 anno
536 1461 784 1524 concionatorem
804 1463 962 1545 impendio
979 1463 1160 1543 loquacem,
1202 1461 1258 1520 sed
1277 1460 1325 1520 in-

196 1563 319 1626 doctum
329 1599 340 1634 ,
378 1558 433 1640 qui
454 1560 575 1626 monuit
594 1563 737 1642 plebem,
756 1565 966 1644 qaodcaveat
983 1583 1006 1621 a
1024 1561 1156 1625 lectione
1173 1560 1325 1623 librorum

194 1660 344 1736 Lutheri,
386 1659 469 1740 quod
489 1661 586 1720 multa
604 1661 667 1722 sint
686 1662 721 1722 in
745 1663 809 1724 illis
830 1663 941 1724 acriter
962 1671 992 1722 et
1011 1660 1165 1722 hostiliter
1185 1659 1269 1720 dicta
1292 1659 1325 1720 in

194 1762 385 1826 Pontificem.
425 1761 495 1820 Hoc
514 1769 617 1820 antem
637 1782 702 1822 non
723 1761 820 1835 dixit,
851 1763 924 1843 quis
942 1762 987 1823 sd
1000 1783 1071 1822 eum
1090 1760 1209 1842 aliquid
1230 1758 1325 1842 perti·

193 1871 285 1927 neret
303 1862 342 1922 de
362 1860 522 1922 animabus
541 1861 716 1936 lucrandis,
744 1883 819 1942 quas
838 1864 942 1942 potius
961 1864 1081 1924 salvare
1102 1861 1252 1922 debueret
1270 1878 1325 1939 per

193 1962 366 2026 doctrinam
385 1961 535 2038 Lutlseri3
556 1961 609 2024 sed
629 1961 703 2043 quia
723 1961 791 2042 ipse
809 1971 960 2024 scortator
982 1971 1027 2022 cst
1040 1959 1193 2022 maximus
1204 1959 1324 2024 etcor-

191 2061 326 2136 titanae,
345 2060 434 2136 ideo,
456 2061 572 2142 nequid
591 2061 651 2122 sibi
672 2060 901 2124 diminueretur
921 2061 961 2122 de
979 2060 1157 2143 stipendiis,
1177 2060 1219 2122 ad
1240 2059 1323 2118 alen-

193 2161 234 2222 da
253 2169 370 2235 scorta,
392 2160 431 2222 sd
453 2160 647 2224 deflorandss
661 2159 814 2240 virgines,
836 2178 873 2221 ea
893 2159 982 2220 dixit.
1021 2160 1102 2220 Nam
1122 2161 1162 2220 de
1184 2158 1321 2220 doctrina

191 2281 282 2336 sena,
321 2259 463 2321 atillam
483 2270 598 2322 astruat
619 2271 650 2324 et
670 2260 793 2336 doceat,
833 2261 985 2341 quomodo
1006 2269 1106 2341 potest
1123 2259 1167 2320 ita
1186 2245 1321 2340 propug-

191 2381 284 2436 nare,
303 2360 348 2422 ita
366 2359 528 2423 immissi
559 2381 630 2422 cum
650 2360 734 2422 nihil
754 2381 892 2442 unquam
913 2361 1048 2440 attigerit
1066 2360 1221 2420 bonarum
1240 2359 1320 2420 litte-

190 2480 317 2538 rarum,
350 2459 434 2521 nihil
461 2480 597 2540 unquam
624 2471 747 2542 praeter
773 2463 897 2524 Scotum
917 2460 1079 2535 didicerit,
1112 2458 1251 2539 alioqui,
1288 2469 1320 2520 nt

190 2560 305 2622 caeteri
327 2559 507 2642 Sophistae,
532 2561 764 2642 loquacissimus
776 2602 786 2636 ,
815 2561 1057 2635 indoctissimus,
1077 2558 1319 2634 barbarissimos,

193 2669 227 2720 et
246 2658 373 2739 ingenio
395 2659 564 2722 destitutus.
603 2661 695 2723 Dixit
719 2661 818 2726 Van:
859 2661 1085 2724 Moscavienses
1109 2679 1182 2719 cum
1203 2661 1321 2722 vellent

189 2758 231 2820 sd
253 2759 415 2825 ecclesiam
434 2760 557 2837 redire,
579 2771 671 2842 atque
690 2762 805 2842 legatos
825 2760 1068 2830 summisissent
1088 2761 1239 2835 Romam,
1265 2781 1321 2842 pe-

189 2867 299 2932 tentes,
321 2858 410 2920 utin
423 2861 567 2922 ecclesiae
587 2861 740 2942 gremium
760 2861 989 2943 reciperentur,
1010 2879 1156 2920 romanus
1174 2858 1345 2940 pontifex,

188 2977 248 3040 pro
267 2958 496 3035 inobedientis,
517 2961 601 3040 quod
619 2981 653 3020 se
672 2981 828 3024 summum
848 2982 884 3022 ac
904 2960 1156 3024 maximumnon
1176 2957 1321 3040 agnovis-

187 3065 275 3130 sent,
305 3057 500 3129 adorassent,
525 3059 721 3140 pontificem,
755 3061 849 3124 octies
871 3071 996 3122 eentum
1017 3059 1117 3120 mihis
1136 3057 1320 3118 ducatorum

186 3155 288 3238 petiit.
329 3158 432 3234 Quod.
445 3177 518 3220 cum
537 3160 588 3220 illi
608 3161 779 3232 audissent,
800 3159 894 3236 tanti,
915 3157 1078 3240 inquiunt,
1098 3157 1243 3218 nolumus
1262 3177 1320 3218 nos

186 3275 291 3316 emere
313 3256 472 3320 unionem.
512 3261 562 3320 De
574 3261 697 3322 Boemis
718 3261 821 3322 nescio
842 3260 919 3340 quid
939 3259 1040 3320 simile
1052 3267 1155 3318 actum
1169 3268 1225 3326 est,
1239 3277 1320 3338 quo·

121 3381 124 3387 ·
185 3374 258 3416 rum
278 3357 435 3440 principes
461 3359 503 3420 ad
530 3351 591 3420 hoe
617 3369 783 3434 conantur,
824 3369 860 3422 ut
885 3359 925 3420 sd
944 3378 1053 3422 verum
1074 3359 1204 3418 redeant
1226 3355 1319 3418 Chri·

184 3454 401 3531 stianismum
420 3467 539 3520 tantum
561 3458 600 3520 de
621 3460 710 3520 bonis
731 3459 941 3523 ecclesiasticis
962 3458 1063 3520 adhuc
1085 3459 1202 3536 agitur,
1230 3454 1319 3516 etde

184 3554 346 3635 pontifice,
368 3577 461 3638 quem
481 3559 593 3622 nolunt
612 3561 741 3622 adorare
761 3579 819 3642 pro
840 3559 908 3620 deo.
948 3558 1040 3618 Dixit
1059 3561 1177 3637 Pasq..·
1197 3553 1321 3618 Audivi

149 3714 153 3722 ,
184 3654 223 3714 ab
244 3653 376 3718 indoctis
397 3658 579 3738 quibusdam
601 3659 775 3734 monachis,
811 3659 849 3720 do
878 3658 990 3740 quibus
1015 3677 1078 3728 nou
1099 3665 1234 3730 constat,
1279 3674 1321 3714 an
1400 3695 1401 3740 ;

183 3749 372 3816 indoctiores
392 3757 473 3833 sint,
492 3779 533 3818 an
553 3759 882 3838 sceleratiores„qucd
902 3761 996 3820 Mart.
1014 3757 1192 3820 Lutherum
1214 3753 1321 3815 Bobe-

183 3873 306 3914 mornm
328 3859 650 3938 erroreminduxerit
667 3861 703 3922 in
723 3859 936 3932 Germaniam,
957 3877 1029 3942 eum
1047 3877 1158 3920 revera
1180 3855 1231 3916 illi
1248 3875 1320 3914 om·
1400 3841 1401 3862 ¹

182 3951 275 4013 nibus
302 3953 426 4016 Boemis
451 3959 515 4019 sint
540 3960 671 4040 pejores.
732 3960 806 4021 Non
836 3959 973 4020 obstante
997 3958 1097 4028 enim,
1141 3955 1225 4035 quod
1246 3952 1335 4018 veri·
1400 4003 1401 4016 ,

182 4051 328 4112 monachi
347 4075 414 4116 non
435 4067 524 4132 sunt,
545 4061 601 4122 sed
619 4059 737 4142 gulosi,
757 4058 884 4132 lubrici,
905 4058 1012 4138 impii,
1038 4057 1173 4130 indocti,
1204 4054 1321 4136 adipo-

181 4146 226 4218 si,
256 4149 378 4226 pietatis
397 4155 621 4240 destructores,
650 4159 741 4219 etiam
761 4156 877 4240 spurii,
907 4157 1080 4238 proditores
1100 4175 1250 4224 suorum,
1289 4165 1322 4211 et

136 4258 138 4263 ’
181 4245 386 4310 confessionis⁴
401 4252 689 4330 intemeratissimae
707 4277 743 4320 se
760 4256 980 4321 sacratissimae
1000 4257 1205 4329 revelaturos,
1237 4251 1321 4312 facti
