2846 4716
424 256 864 392 n1anocuss}
1122 305 1186 372 aso

57 486 126 538 tum
147 469 348 549 industrium,
369 470 621 534 archidiaconum
646 479 775 534 vocant:
793 467 859 552 qui,
883 464 1062 546 ubicunque
1081 463 1187 539 fuerit,

57 576 124 636 aive
146 577 285 648 Romae,
313 574 380 635 sive
398 572 551 653 Engubii,
595 572 663 633 sire
685 569 969 651 Constantinopoli,
997 567 1066 630 aive
1085 564 1188 646 Regii,

58 677 124 735 sive
144 672 376 746 Alexandriae,
397 673 464 734 sive
484 671 598 747 Tanis,
618 670 753 752 ejusdem
774 669 895 742 meriti,
934 667 1071 749 ejusdem
1091 674 1189 725 estet

57 772 225 833 sacerdotii
256 770 409 852 habetque
437 772 566 831 eandem
593 770 800 850 insubjectus
826 768 903 842 sibi,
932 781 964 828 et
980 765 1129 828 monendi
1157 775 1189 824 et

60 872 231 954 csafigandi
263 883 295 934 et
319 871 472 952 puniendi
493 868 698 931 autoritatem.
738 862 807 930 tant
832 887 907 929 vero
928 867 1055 926 nomine
1074 865 1188 926 summi

60 971 236 1043 Pontificio,
259 971 313 1050 qui
335 971 472 1050 primum
492 971 596 1032 locum
619 979 649 1030 et
675 967 843 1054 marimum
863 967 1031 1048 potentiam
1054 954 1113 1026 sibi
1134 987 1188 1025 oc·

61 1081 151 1152 cupat
170 1072 271 1144 solus,
308 1069 335 1128 ai
356 1070 411 1150 qui
431 1079 523 1142 snut,
566 1069 621 1149 qui
641 1089 707 1130 sese
726 1088 782 1130 ano
803 1067 947 1150 episcopo
965 1066 1102 1128 subditos
1123 1085 1189 1126 esse

61 1173 189 1245 volunt,
218 1170 334 1250 quique
354 1168 475 1250 proprii
497 1167 634 1250 episcopi
661 1169 813 1249 judicium
839 1167 1054 1246 subterfugere
1074 1185 1189 1226 conan-

64 1286 124 1346 tur,
146 1270 216 1332 sive
238 1268 426 1343 calumniae,
447 1267 515 1329 sive
536 1269 597 1328 alia
618 1277 708 1332 ciusa
727 1287 933 1350 quacumque,
962 1287 1031 1328 mea
1050 1265 1190 1346 iu'terpo-

64 1373 117 1433 sita
136 1369 319 1444 autoritate,
361 1368 487 1430 aliunde
506 1367 639 1448 jndicem
673 1367 750 1437 sibi,
782 1378 818 1430 ut
831 1368 1002 1450 placuerit,
1043 1365 1190 1428 asciscere

65 1479 206 1552 possunt:
227 1469 291 1530 isno
314 1469 407 1528 etiam
428 1478 548 1550 ereptos
568 1469 690 1550 proprii
710 1467 846 1551 episcopi
867 1469 984 1548 judicio
1014 1467 1093 1542 aliis,
1116 1465 1190 1547 qui-

65 1573 116 1632 bus
135 1569 334 1632 commodum
356 1579 418 1638 est,
433 1568 528 1642 ‚uado
546 1567 719 1630 iudicibus:
748 1577 780 1630 ct
806 1568 839 1628 id
869 1567 1030 1648 intelligia,
1050 1566 1189 1628 Hanno?

67 1675 180 1732 Hanno.
199 1671 275 1732 Nou
295 1668 476 1744 admodum,
499 1668 561 1728 nisi
569 1669 613 1730 ita
632 1669 720 1743 velis,
742 1678 786 1743 ut,
807 1669 835 1729 si
850 1668 1028 1747 quemmihi
1040 1687 1080 1728 ex
1101 1666 1189 1742 meis,

68 1772 170 1850 quibus
189 1769 308 1850 judicio
328 1788 486 1848 praesum,
530 1788 593 1848 quo
615 1769 712 1830 alium
732 1769 862 1849 impune
880 1766 1064 1828 calumniari
1084 1768 1191 1850 possit,
1306 1797 1309 1804 =

70 1881 182 1951 arrepta
203 1868 285 1930 mihi
307 1868 395 1928 omui
413 1866 524 1949 judicii
550 1887 731 1949 poenaeque
750 1867 1062 1930 iss-calumniatorem
1088 1877 1191 1949 potes-

71 1981 140 2044 tate,
180 1966 379 2032 subtraxeris.
419 1971 531 2047 Legat.
563 1968 716 2048 Omniuo;
737 1976 820 2028 recte
839 1968 938 2048 capis,
980 1969 1018 2028 ab
1038 1968 1191 2050 inferiore
1228 2030 1232 2038 ,

72 2070 163 2150 judice
184 2068 305 2143 libero,
326 2080 358 2128 et
377 2068 533 2150 superiori
553 2068 650 2129 trudo.
692 2072 789 2129 Puer·
809 2063 882 2128 Hoc
902 2069 1019 2150 agitur,
1040 2080 1191 2149 quantum

73 2169 224 2248 intelligo,
266 2167 341 2230 huic
386 2167 478 2230 detur
519 2167 677 2248 pecunia,
723 2181 754 2228 et
790 2167 857 2250 ipsa
893 2169 1091 2229 schismatum
1131 2169 1192 2230 erit

74 2280 166 2347 antor;
208 2287 276 2330 nou
307 2287 393 2328 secus
419 2286 527 2347 agens,
568 2287 661 2348 quam
690 2267 717 2327 si
743 2268 859 2348 pastori
887 2287 961 2330 oves
989 2270 1116 2332 obedire
1134 2285 1192 2332 ve·

75 2381 167 2443 tuero,
213 2368 394 2450 parentibus
426 2367 565 2441 liberos,
602 2368 861 2449 praeceptoribus
889 2368 1081 2450 discipulos,
1121 2392 1192 2432 ma-

77 2469 237 2547 gistratibus
262 2468 365 2535 cives,
408 2464 542 2556 dominis
570 2486 693 2528 servos:
736 2479 767 2528 et
785 2477 935 2548 quantum
954 2469 1070 2544 video,
1091 2492 1194 2552 quau·

82 2567 114 2626 do
132 2567 190 2628 boc
220 2564 431 2640 admittimus,
446 2566 528 2648 ,quid
549 2586 628 2647 opus
649 2565 710 2627 erit
729 2569 941 2647 peculiaribus
965 2571 1054 2630 nobis
1071 2571 1192 2652 episco-

79 2666 132 2745 pis,
163 2685 238 2746 quoa
259 2676 344 2727 tauto
372 2665 425 2726 hic
453 2664 640 2728 sustinemus
662 2668 814 2748 sumptui
855 2689 927 2730 cum
945 2668 1104 2733 Romanus
1123 2670 1192 2752 ipse

81 2765 209 2844 pontifex
229 2773 261 2825 et
280 2765 329 2825 aui
344 2765 475 2846 Legati,
511 2764 636 2845 abjectis
655 2785 674 2826 a
696 2767 873 2849 cognitione
893 2769 1193 2834 dissensionamtn-

81 2872 120 2923 ter
136 2883 200 2924 suos
222 2864 391 2947 episcopis,
412 2864 473 2946 ipsi
492 2858 735 2944 insensatorum,
763 2867 824 2928 boc
842 2878 904 2944 e'st,
932 2870 1193 2950 superintenden-

83 2973 128 3038 tes,
148 2983 209 3024 esas
237 2965 367 3028 volunt:
401 2963 484 3026 sihi
510 2965 600 3026 nobis
629 2966 747 3046 judices
777 2968 817 3030 ad
844 2988 931 3030 suam
957 2968 1120 3030 libidinem
1141 2973 1194 3032 in·

83 3062 192 3124 stitucre
212 3075 386 3139 conantur,
406 3082 474 3124 non
494 3063 557 3127 sint
582 3066 733 3128 officiales
754 3067 913 3149 deinceps,
940 3086 1006 3130 non
1026 3070 1088 3132 sint
1111 3072 1195 3155 epis·

87 3179 214 3241 caporum
229 3163 364 3238 „vicuii,
391 3182 456 3224 nou
478 3164 543 3225 siut
562 3163 697 3244 fiscales,
722 3188 788 3230 nou
814 3168 878 3230 sint
903 3169 1129 3252 Episcoporum
1157 3171 1194 3234 iu

89 3259 235 3324 Germania
252 3262 381 3327 uomina
408 3263 655 3329 concionatores:
696 3287 763 3330 uon
792 3267 915 3333 obediat
932 3269 1075 3332 sacerdos
1108 3271 1194 3352 apis-¹

88 3378 163 3440 copo,
181 3383 241 3426 non
261 3365 409 3426 disemus
431 3364 599 3428 sacerdoti:
650 3369 895 3448 permisceantur
929 3368 1195 3450 involvanturque

35 3513 36 3516 ,
90 3462 188 3537 onnia,
215 3474 321 3546 pereat
345 3464 402 3524 illa
430 3465 703 3546 quantulacunque
729 3468 831 3530 adlruc
860 3476 906 3528 est
925 3467 958 3530 iu
980 3469 1108 3532 eeclesia
1124 3471 1194 3532 dis..

91 3557 198 3638 ciplina'
234 3565 304 3626 Hoc
333 3561 415 3626 illud
444 3573 490 3644 eat
515 3565 657 3646 profecto
668 3607 678 3641 ,
707 3568 790 3647 quod
816 3567 967 3629 Africana
992 3587 1084 3650 saepe
1111 3571 1194 3654 epis·

91 3673 215 3737 soporum
234 3663 365 3726 concilia
389 3664 533 3726 Romano
560 3666 750 3747 scripserunt
790 3666 950 3743 Pontifici,
987 3677 1108 3731 tantum
1132 3673 1193 3734 sibi

93 3760 234 3832 postulanti
251 3762 440 3844 maenidia,
462 3763 568 3826 oculos
595 3765 666 3848 plus
691 3764 815 3835 videre,
848 3788 941 3848 quam
968 3769 1114 3849 oculumg
1140 3771 1194 3851 ju·

41 3871 43 3894 ·
95 3851 167 3932 dicia,
188 3882 273 3942 quam
293 3863 456 3945 judicium,
477 3865 571 3948 plura
597 3865 766 3946 dispicere3
788 3865 894 3929 orbem
922 3869 1071 3950 majorem
1099 3891 1193 3950 quam

96 3954 182 4017 urbam
208 3983 284 4040 esse,
324 3965 449 4029 nullum
488 3963 558 4047 ipso
589 3964 720 4046 proprio
754 3975 878 4046 pastore
914 3988 985 4031 suas
1017 3989 1091 4031 oves
1117 3991 1194 4032 mes

96 4048 144 4112 lias
161 4077 262 4137 nosse,
294 4064 407 4126 melius
426 4084 571 4145 pascere,
606 4066 719 4126 melius
741 4066 885 4144 tondere,
911 4069 1034 4146 melius,
1059 4069 1087 4131 si
1106 4091 1194 4133 mom
1259 4081 1260 4090 ’

98 4147 169 4212 bidae
198 4160 326 4238 inerim,
345 4183 474 4242 curare,
508 4163 622 4226 melius
655 4165 695 4226 ab
726 4165 868 4228 irruente
904 4168 1073 4233 defendere
1105 4171 1193 4254 lupo.

101 4248 189 4329 Legat.
207 4258 276 4323 itam
283 4273 425 4345 potestas,
441 4264 604 4333 relaxandi
616 4263 798 4348 juramenta,
823 4287 911 4348 quae
916 4271 1060 4352 praestita
1072 4270 1107 4334 in
1119 4293 1196 4338 oon-
