2866 4724
571 275 967 344 EPISTOLAE

294 433 370 494 Cum
384 429 443 490 tibi
458 434 613 490 succurrit
627 433 806 492 meritorum
826 431 945 491 oblivia
959 444 1062 490 nostro

376 531 525 608 Amplius
541 533 575 588 in
593 531 681 590 lucro
699 530 791 590 verba
803 542 911 590 notata
923 551 1012 589 mero.

297 627 517 706 Quadrupedes
529 630 610 686 inter
621 629 746 705 rapidi,
768 642 841 706 quot
852 633 887 687 in
908 630 982 688 urbe
993 629 1127 707 figurae

377 729 474 787 Casus
496 729 576 784 inest
598 727 667 784 illis
684 748 738 784 nec
750 747 809 784 sua
826 726 1002 800 uerbafide.

295 826 358 886 Nil
371 825 445 882 adeo
453 825 591 902 fortuna
601 827 716 901 grauis
728 845 821 902 quam
831 827 981 902 gramina
997 837 1096 901 pasta

376 927 450 984 Non
465 922 644 980 honoranda
658 925 723 980 tuis
740 925 962 1002 consiliumque
972 925 1077 1004 sugit.

294 1024 353 1082 Est
376 1025 430 1082 via
447 1020 577 1080 declivis
598 1020 635 1078 de
656 1032 720 1079 tota
731 1024 874 1098 flumina
888 1034 982 1080 terra.

379 1120 541 1197 Lucifero
559 1121 650 1178 coelis
664 1140 779 1196 semper
798 1142 925 1179 omarus
937 1124 1008 1180 erit.
1088 1194 1095 1199 .
1159 1195 1172 1204 .,

301 1218 388 1296 Quid
400 1215 521 1276 multa?
541 1217 683 1276 studium
695 1219 824 1277 calcatis
840 1219 982 1278 sordibus
1005 1221 1087 1279 uois.
1105 1247 1110 1258 ·
1172 1210 1193 1276 ’Ὺ

377 1319 436 1376 Est
446 1318 585 1400 pretium
594 1337 716 1393 paruae
729 1320 859 1378 veclaera
874 1319 976 1378 cordis
991 1339 1048 1396 ope

300 1415 392 1493 Quod
403 1417 475 1474 licet
489 1426 518 1474 et
528 1414 633 1492 facile
648 1427 707 1482 est,
729 1417 812 1494 quod
830 1438 891 1474 non
908 1418 992 1486 licet,
1013 1419 1118 1476 acrius
1131 1419 1214 1494 urit3

379 1518 511 1574 Ferreus
529 1526 590 1584 est,
613 1514 643 1572 si
656 1517 727 1594 quis
740 1516 879 1590 compede
886 1519 986 1593 pulso
1003 1526 1096 1574 sonet.

295 1614 416 1674 Auctor
428 1633 505 1690 opus
526 1611 654 1685 laudat,
671 1615 807 1689 pariunt
820 1614 980 1673 absinthia
994 1617 1095 1692 campi
1173 1689 1177 1695 Ι

379 1713 523 1790 Collaque
537 1711 648 1770 uelocis
660 1711 732 1771 dira
748 1734 865 1772 uenena
881 1733 986 1772 manu.

296 1813 370 1872 Non
384 1811 445 1871 sibi
462 1810 634 1886 respondit,
655 1831 718 1868 non
733 1814 837 1869 omnia
847 1810 1091 1891 proloquebatur

377 1914 423 1972 Et
441 1929 586 1978 causam,
613 1911 700 1969 laeuo
707 1910 782 1984 fixa
799 1913 919 1988 sagitta
929 1909 1008 1988 pede
1023 1920 1076 1978 est.

298 2013 384 2070 Dent
403 2008 462 2068 tibi
482 2010 619 2068 coelestes
638 2009 815 2087 squalentia
835 2010 897 2068 tela
921 2011 1047 2070 uenenis

379 2112 529 2186 Arvaque
541 2111 685 2187 pugnaci
698 2128 778 2166 mors
791 2107 933 2166 lzabitare
948 2109 1009 2166 sui.

235 2283 237 2296 ,
299 2209 398 2285 Saepe
405 2208 480 2286 suit
495 2220 599 2266 nostro
616 2227 709 2286 quam
722 2206 924 2284 promercale
943 2206 1058 2266 dedisti

381 2306 504 2368 Abdita
518 2327 579 2365 nox
594 2306 733 2383 splendet
750 2305 915 2364 sedulitate
934 2305 1051 2364 domus.

298 2408 426 2466 Scilicet
441 2419 476 2464 ut
484 2406 620 2485 fulvum
634 2417 752 2466 rostras
767 2404 923 2464 absumere
940 2409 1021 2466 uires

382 2510 506 2583 Aspera
522 2506 595 2564 dum
609 2505 699 2564 nobis
712 2517 787 2564 sunt
800 2504 976 2566 ueneranda
991 2504 1063 2563 loco.

300 2607 456 2664 Stramine
469 2625 557 2682 saepe
568 2626 663 2682 super
669 2608 814 2684 quoniam
830 2607 1026 2664 convenimus
1039 2601 1135 2682 ambo,

389 2709 459 2764 Una
467 2717 562 2783 paret
579 2705 655 2764 lecto
669 2705 770 2784 digna
783 2705 895 2781 puella
910 2716 972 2762 tuo.

303 2807 428 2866 Vellera
441 2804 645 2883 duraferunt
662 2804 749 2866 uideo
768 2804 882 2864 delicta
902 2822 1035 2862 meorum
1040 2822 1052 2873 ‚·

384 2906 439 2964 An
444 2905 584 2983 fortuna
595 2905 674 2962 milri
691 2907 805 2962 crimen
825 2907 923 2962 inesse
939 2900 1055 2980 rogat?

305 3002 448 3079 Quolibet
463 3003 602 3081 estfolio
616 3003 702 3060 modo
713 3003 911 3092 formidatus
927 3004 962 3060 in
980 2999 1064 3090 urbe.

385 3100 544 3162 Candidus
559 3112 588 3159 et
601 3101 691 3179 felix
697 3103 807 3182 frater
819 3103 944 3162 leonoris
964 3103 1033 3159 erit.

306 3204 373 3262 Nec
386 3213 486 3260 tamen
500 3199 584 3258 leuno
601 3221 661 3259 sua
676 3222 756 3260 mors
774 3201 817 3260 ad
830 3222 915 3278 opem
926 3201 1045 3259 luctare
1059 3195 1240 3278 serendam,

386 3303 453 3360 Nec
471 3298 596 3368 tardum
610 3303 729 3374 juveni
738 3304 933 3379 prosperiore
942 3299 1031 3377 frui.
1169 3293 1174 3306 ’

306 3403 341 3464 V
336 3403 371 3459 ix
388 3401 478 3459 illam
497 3398 598 3460 subito
608 3419 714 3477 posses
728 3404 847 3460 intrare
862 3401 1013 3479 fenestra,

388 3503 456 3578 Nec
474 3501 616 3578 queritur
626 3487 706 3580 fuso
714 3522 774 3578 per
790 3521 881 3561 saera
897 3498 989 3562 verba
1004 3517 1093 3558 mero.

240 3634 242 3638 ·
309 3604 344 3662 V
339 3603 374 3659 ia
393 3599 532 3678 equidem
545 3597 650 3668 credo,
673 3621 729 3659 neo
743 3604 772 3660 si
790 3601 935 3660 mortalia
945 3617 1076 3676 possem,

302 3777 309 3790 1
391 3699 524 3760 Excidit
541 3703 696 3776 asperitas
714 3721 785 3761 voce
801 3702 924 3760 clientis
941 3719 1037 3777 opem.

307 3803 387 3862 Mos
405 3803 499 3859 etiam
506 3811 617 3877 pectus
634 3800 794 3860 candentis
802 3800 952 3880 frustula
962 3798 1061 3877 ferri,

396 3905 480 3959 lunc
494 3910 622 3975 superat
629 3901 764 3977 pulchro
778 3921 839 3959 non
854 3903 956 3960 minus
972 3900 1031 3956 iste
1045 3893 1142 3955 dabit.

311 3999 379 4058 Nec
390 4012 427 4058 tu
446 4001 599 4072 consulu,
619 4003 684 4076 nisi
702 4003 811 4059 tristia
834 3998 1058 4070 mandereseao,

394 4101 453 4157 Est
468 4101 523 4157 aia
537 4097 667 4158 decliuis
681 4121 729 4159 res
741 4099 831 4158 labet
846 4102 909 4158 isto
921 4119 1020 4161 suum.
