2872 4722
378 293 662 380 ‘osseum
704 316 931 396 visson.
1160 313 1223 382 173

84 474 289 540 stantiasimos
303 474 404 551 viros,
425 467 521 536 nullis
537 493 644 534 eorum
655 471 912 554 praecedentibus,
930 469 1097 536 demeritis.
1131 473 1223 536 Tunc

84 578 153 639 risit
173 587 207 637 et
227 574 327 634 dixit:
368 573 431 636 Per
458 575 578 648 Deum,
606 592 662 634 vos
688 572 767 634 bene
794 571 913 646 facitis,
956 569 1030 652 quia
1056 571 1224 656 defenditis

84 680 191 738 Ioann.
210 671 430 748 Pfefferkorn,
452 685 482 734 et
502 671 579 746 alios
598 671 872 752 praestantissimos
891 668 985 732 viros.
1026 673 1117 734 Tunc
1138 672 1223 734 dixi:

85 773 229 838 Audistis
250 773 355 842 adbuc
374 773 462 854 plus:
502 770 561 831 Ille
583 769 786 832 Plefferkorn
808 783 854 832 eat
881 771 973 832 valde
994 767 1081 832 utilis
1109 771 1143 831 in
1162 774 1224 832 Ec-

87 869 274 948 clesiaIlei,
299 873 373 953 quia
392 869 504 931 obtulit
524 870 592 930 Deo
613 870 776 932 duodecim
799 870 935 944 animas,
965 879 1003 930 ut
1021 871 1153 950 ipsemet
1172 871 1234 962 in-⁸

86 997 182 1057 genue
198 974 328 1060 fatetur.
368 969 540 1050 Respondit
559 971 679 1031 Doctor
697 971 845 1030 Murner:
874 969 937 1030 Ubi
957 967 1070 1030 obtulit
1090 971 1160 1029 Deo
1182 969 1225 1030 il-

86 1076 127 1134 las
148 1071 297 1134 animas?
338 1071 377 1131 In
398 1068 696 1150 sylvassohemica,
716 1069 790 1148 quia
817 1068 947 1128 fortasse
981 1067 1027 1128 ibi
1056 1089 1127 1128 cum
1154 1068 1225 1130 aliis

85 1173 259 1234 latronibus
280 1169 441 1231 interfecit
461 1168 619 1242 homines,
654 1187 788 1248 quorum
810 1167 933 1228 animae
951 1178 1164 1247 pervenerunt
1185 1168 1225 1229 ad

86 1273 215 1334 Deum‘l
259 1267 438 1350 Respondi:
477 1267 575 1328 Nullo
595 1267 707 1341 modo,
733 1265 787 1327 sed
807 1266 1016 1328 convertendo
1038 1285 1091 1326 eos
1110 1265 1151 1326 ad
1169 1267 1226 1326 Fi-

86 1373 152 1432 dem
163 1368 386 1433 Christianam.
427 1368 517 1428 Tunc
539 1366 606 1445 ipse
627 1364 724 1427 dixit:
746 1365 912 1445 Quomodo
933 1378 1008 1428 tunc
1029 1364 1123 1440 scitis,
1140 1365 1226 1447 quod

85 1473 159 1534 tales
182 1468 309 1530 animae
327 1474 540 1550 pervenerunt
559 1464 598 1525 ad
611 1463 736 1524 Deuml
756 1464 933 1546 Respondi:
953 1464 1038 1546 quod
1061 1465 1113 1546 pie
1133 1485 1227 1547 prae-

84 1570 274 1632 sumendum
295 1576 348 1628 est.
366 1563 540 1646 Respondit
559 1565 709 1625 Murner:
732 1562 819 1640 Quid
839 1583 911 1644 ergo
934 1584 1019 1625 nunc
1039 1563 1119 1626 lacit*
1134 1564 1226 1626 Plel-

83 1669 245 1731 ferkorn'l
305 1664 401 1741 Dixi,
433 1663 518 1745 quod
537 1662 668 1723 fortusse
686 1662 773 1723 vadit
793 1663 832 1723 ed
852 1663 1038 1740 Ecclesiam,
1069 1665 1225 1724 audiendo
1304 1713 1309 1722 ,

83 1770 201 1830 Missas
228 1777 261 1826 et
280 1767 458 1836 Sermones,
501 1770 532 1822 et
551 1760 747 1821 defendendo
767 1783 801 1822 ae
821 1772 928 1823 contra
940 1766 1090 1826 Ioannem
1098 1763 1227 1824 Reucli·

84 1870 153 1942 lin,
177 1875 316 1947 expectat
335 1863 419 1923 diem
441 1861 572 1920 extremi
590 1860 708 1940 judicii.
768 1855 941 1943 Respondit
962 1863 1044 1922 ille:¹
1059 1863 1130 1923 Erit
1151 1874 1227 1924 tunc

84 1963 353 2030 Ptefferkorn.ita
371 1961 427 2021 diu
448 1958 483 2018 in
503 1958 588 2020 vital
630 1961 720 2020 Tunc
743 1959 828 2035 dixi,
851 1961 934 2042 quod
954 1961 1013 2036 sic,
1034 1962 1136 2042 quoad
1156 1962 1227 2024 ani·
1317 2001 1324 2014 ,

86 2086 186 2138 mam,
208 2063 262 2124 aed
285 2082 352 2122 non
373 2058 476 2141 quoad
499 2079 618 2139 corpus.
660 2059 752 2120 Dixit
770 2061 1045 2122 DoctorMurner:
1065 2065 1150 2122 Bene
1164 2072 1226 2122 est:

84 2157 291 2225 Plsfferkoru
321 2160 435 2242 dignus
463 2167 508 2218 eat
534 2157 649 2219 babere
678 2159 770 2218 talem
798 2158 1012 2226 defensorem,
1057 2171 1088 2220 et
1107 2161 1227 2224 dimisit

85 2284 156 2331 me,
178 2270 210 2321 et
232 2256 418 2339 omnesqui
440 2257 570 2318 fuerunt
589 2257 653 2331 ibi,
675 2259 828 2331 riserunt,
850 2257 1002 2318 dicentes:
1029 2258 1090 2318 Per
1108 2245 1223 2336 Deum,

83 2361 223 2423 Domine
247 2357 419 2440 Stephane,
459 2377 515 2417 vos
541 2356 686 2416 audacter
706 2355 907 2436 respondistis
928 2355 966 2414 ei.
1029 2357 1120 2416 Tunc
1140 2358 1224 2417 dixi:

82 2463 150 2543 Ego
174 2460 252 2522 volo
272 2457 375 2517 omnia
393 2456 492 2517 verba
512 2455 647 2518 scribere
667 2452 991 2535 MagistroOrtuino,
1028 2453 1109 2516 sicut
1134 2456 1225 2516 vide-

81 2562 145 2634 tis,
169 2558 259 2638 quod
278 2576 359 2616 nunc
378 2555 479 2624 sacio',
504 2565 535 2616 et
556 2553 717 2616 rescribite
738 2552 840 2616 etiam.
902 2554 968 2642 Ego
990 2573 1060 2616 sum
1078 2555 1166 2620 vobis
1184 2555 1225 2617 ad

83 2658 244 2721 mandata.
282 2657 397 2717 Dolum
411 2653 567 2716 Treveris.

104 2826 268 2905 Magister
282 2789 415 2882 'sermm
436 2821 610 2881 Pilrotors's
626 2818 766 2880 Salutem
783 2819 863 2881 dicit
876 2821 1046 2902 'Magistro
1066 2819 1201 2882 Ortuino

595 2921 718 2980 Gratio.

158 3055 256 3135 ,Quia
274 3056 426 3136 scriptum
447 3063 492 3114 est
511 3051 546 3114 in
565 3053 755 3134 Evangelio:
776 3055 877 3131 „Qus
897 3075 1042 3117 mensura
1063 3075 1225 3118 mensura-

86 3155 208 3230 veritis,
240 3156 349 3216 eadem
381 3153 610 3214 mensurabitur
642 3163 674 3213 et
703 3153 837 3231 vobis;“
870 3156 967 3237 igitur
994 3173 1051 3236 ego
1080 3156 1225 3216 similiter

86 3275 150 3316 non
171 3253 327 3340 deberem¹
339 3252 428 3314 vobis
449 3253 599 3326 scribere,
621 3251 702 3312 sicut
722 3263 753 3314 et
772 3249 827 3315 vos
848 3275 912 3314 non
928 3254 1060 3314 scribitis
1075 3253 1163 3314 mibi.
1183 3253 1225 3314 Et

86 3354 284 3427 tamenseio,
306 3351 391 3432 quod
410 3371 551 3432 magnam
573 3351 805 3432 importantium
828 3351 963 3424 habetis,
985 3350 1069 3430 quod
1090 3351 1223 3414 scribam

86 3453 175 3514 robis
195 3452 322 3536 novalia
343 3463 383 3510 e'x
403 3452 480 3511 urbe
499 3452 615 3523 Roma,
653 3450 797 3512 videlicet
817 3450 971 3529 quomodo
997 3458 1056 3508 stat
1076 3449 1111 3509 in
1132 3471 1224 3512 causa

86 3545 231 3635 Magistri
250 3549 351 3613 nostri
372 3541 476 3610 lacobi
497 3549 536 3609 de
554 3552 758 3629 Hogstraten,
787 3549 851 3610 viri
866 3549 976 3630 procul
999 3546 1093 3607 dubio
1116 3549 1222 3626 zelosi,

86 3654 141 3733 qui
162 3647 306 3713 defendit
324 3639 432 3708 Fidem
453 3641 644 3709 catholicam
664 3660 772 3709 contra
797 3648 870 3710 illos
899 3648 1026 3709 Juristas
1053 3661 1085 3706 et
1112 3649 1222 3709 Poetae

85 3752 255 3824 seculares,
277 3739 333 3828 qui
354 3761 419 3809 nou
439 3746 553 3811 babent
571 3748 676 3808 Deum
700 3757 780 3829 prae
797 3747 894 3808 oculis
913 3746 992 3816 suis,
1016 3743 1096 3806 sicut
1115 3747 1223 3806 Theo·

85 3851 151 3932 logi
170 3850 206 3910 in
217 3846 362 3908 Colonia
381 3859 413 3906 et
430 3839 588 3908 Parrbisia
598 3889 608 3923 ,
630 3847 686 3928 qui
706 3847 938 3908 combusserunt
959 3845 1127 3926 Speculum
1145 3865 1223 3908 oeu-

86 3950 153 4010 lare
172 3947 300 4013 loannis
319 3940 486 4008 Reuchliu.
549 3947 610 4008 Sed
631 3967 687 4028 ego
712 3947 857 4009 deberem
876 3944 965 4008 vobis
984 3944 1105 4018 iacere,
1142 3946 1223 4008 sicut

85 4069 142 4110 vos
165 4048 269 4109 facitis
289 4040 387 4118 mihi,
410 4057 441 4107 et
460 4063 525 4106 non
546 4045 691 4108 deberem
710 4047 799 4109 robis
817 4046 952 4108 scribere
973 4065 1067 4105 unam
1086 4055 1222 4124 guttam3

84 4147 139 4208 sed
161 4157 264 4210 tamen
283 4166 349 4232 non
369 4145 497 4220 faciam,
537 4155 569 4209 et
593 4138 696 4207 adbuc
722 4147 818 4208 semel
846 4145 919 4208 volo
940 4144 1102 4225 indulgere
1123 4137 1222 4221 vobis,

84 4246 128 4307 ita
149 4257 270 4322 tamen,
292 4239 375 4327 quod
397 4245 535 4306 scribatis
556 4244 636 4306 mihi
656 4246 769 4306 statim.
811 4245 850 4306 Et
863 4243 987 4314 ‚debetis
1004 4244 1098 4319 sciro,
1121 4245 1223 4326 quali·
