2872 4722
204 277 267 344 134
493 278 966 370 ‚psersrorrn

205 458 261 518 per
279 435 681 500 babent-maloniexcitunr.
739 435 800 498 -Ast
817 433 1009 518 daboJJvobis
1029 417 1203 496 consilinm·
1215 457 1331 509 meum,
1430 483 1431 524 ἶ

205 537 288 614 quod
312 537 432 618 petitis,
481 557 527 598 er¹
548 557 609 617 quc
640 534 715 596 dicit
743 536 946 617 Scripturar.
974 535 1081 613 „Qui
1097 533 1193 616 petit,
1250 537 1334 597 acci-

204 634 281 715 pit.“
322 634 451 696 Debetis
465 635 568 716 primo
589 635 767 712 relinquere
787 635 856 694 ilias
882 654 976 696 vanas
997 634 1196 714 cogitationes
1217 635 1256 696 de
1276 655 1333 696 ve·
1430 635 1431 678 t

204 743 266 794 stra
285 735 471 814 Margareia,
494 755 568 814 quas
588 734 729 798 diabolus
750 734 837 795 vobis
856 733 1008 814 suggerit,
1031 733 1085 812 qui
1100 744 1145 793 est
1158 746 1246 813 pater
1262 754 1334 792 om-

205 832 252 892 nis
271 835 411 912 pcccati,
435 843 509 894 teste
529 833 686 895 Richardo
707 853 801 913 super
820 832 878 896 IV.
920 833 960 894 Et
979 832 1224 912 quandocunque
1243 833 1334 893 deca

204 929 360 1009 cogitatis,
398 932 492 992 facite
510 917 633 992 crimem
654 942 725 992 ante
744 953 818 1006 vos,
863 949 986 992 necnon
1012 941 1098 993 orate
1117 953 1215 992 unum
1240 933 1334 990 Pater

204 1041 321 1104 noster,
356 1050 427 1091 cum
448 1031 504 1090 illo
525 1051 618 1091 versu
639 1031 673 1092 in
693 1031 884 1110 Psalterioz,.
901 1031 997 1104 „Stet
1010 1031 1149 1090 diabolus
1176 1051 1196 1090 a
1215 1030 1333 1094 dextris

204 1129 297 1207 ejus.“
360 1129 462 1190 Etiam
481 1149 603 1209 semper
629 1129 845 1190 comeditesal
865 1129 1078 1206 benedictum,
1113 1130 1173 1190 ·in.¹
1189 1129 1242 1188 die
1262 1129 1333 1189 Do-

204 1226 335 1302 minieo,
357 1238 387 1288 et
403 1227 536 1308 spargite
558 1249 614 1291 vos
635 1247 707 1292 cum
727 1244 806 1308 aqua
824 1237 950 1302 sancta,
965 1229 1049 1308 quod
1068 1227 1258 1290 consecravit
1270 1236 1333 1286 sta-
1430 1271 1431 1280 ¹

203 1325 477 1396 bonariumaucti
503 1325 651 1407 Ruperti,
685 1326 788 1400 etsie
811 1327 939 1406 potestis
961 1327 1097 1408 effugere
1115 1327 1206 1388 illum
1225 1325 1333 1386 diabo-

201 1427 287 1498 lum,
328 1425 396 1505 qui·
411 1425 499 1488 vobis
526 1427 661 1507 suggerit
688 1425 781 1486 illum
809 1445 955 1506 maguum
990 1447 1139 1493 amorem,
1161 1427 1200 1486 de
1231 1434 1333 1486 vestra

202 1527 394 1602 Margareta,
415 1543 493 1603 quae
513 1543 578 1598 non
600 1534 645 1584 est
664 1523 707 1583 ita
726 1523 881 1604 pulchra,
905 1536 942 1584 ut
962 1525 1087 1604 putatis.
1150 1525 1220 1604 lpse
1240 1523 1334 1583 habet

202 1644 296 1690 uuam
319 1642 481 1686 verrucam
505 1622 538 1682 in
560 1623 682 1697 fronte,
712 1643 747 1686 ae
766 1643 875 1703 magna
894 1625 1052 1701 rubeaque
1074 1643 1182 1696 crura,
1216 1641 1333 1700 grossas

202 1723 364 1802 nigrasque
384 1741 509 1795 mnus,
554 1721 674 1798 sibique
695 1721 758 1782 olet
780 1741 925 1783 ossuum
946 1731 1074 1803 propter
1093 1722 1191 1832 ‘7¹⁰⁵
1212 1719 1333 1778 dentes:

203 1841 324 1884 necnon
347 1820 440 1883 etiam
462 1819 555 1884 habet
574 1821 705 1901 spissum
728 1820 850 1896 culum,
883 1823 1054 1884 secuudum
1070 1838 1234 1886 commune
1255 1818 1333 1876 Pro-

202 1919 360 1984 verbium:
402 1921 462 1980 Ars
482 1921 674 2000 Margarctae
695 1929 740 1979 est
765 1919 940 1984 miserabile
966 1931 1041 1982 rete.
1100 1919 1162 1980 Sed
1187 1914 1334 1978 vos-estis

204 2036 311 2079 caecus
334 2017 463 2080 exsillok
481 2018 633 2080 diabolico
655 2038 775 2093 emere,
808 2018 892 2096 quod
917 2039 982 2080 uon
1015 2017 1128 2080 videtis
1151 2014 1217 2094 ejus
1248 2013 1333 2074 vitia.

202 2117 273 2196 Ipsa
293 2117 427 2180 multum
447 2115 526 2176 bibit
547 2127 577 2177 et
596 2118 745 2193 comedit,
765 2139 801 2178 ae
822 2118 869 2178 bia
889 2138 991 2198 nuper
1011 2113 1212 2188 bombisavit,
1234 2131 1335 2192 quau-

203 2215 345 2278 desedit
359 2216 441 2295 apud
456 2234 505 2276 nrc
526 2215 560 2278 in
577 2236 699 2289 mensa,
736 2229 766 2276 et
782 2217 878 2292 dixit,
910 2216 994 2297 quod
1012 2216 1088 2276 fecit
1107 2235 1178 2274 oum
1198 2231 1332 2273 scamno.

193 2310 267 2395 ¹Ege
281 2301 384 2378 'habui
399 2316 439 2376 in
462 2314 592 2375 Colonia
613 2315 831 2395 pulchriorem.
845 2324 948 2398 vestra
967 2317 1157 2394 Margareta,
1179 2323 1209 2373 ct
1229 2321 1334 2372 tamen

203 2412 355 2494 dereiiqui
381 2433 458 2478 cam.
498 2415 663 2494 Postquam
681 2416 800 2496 ,accepit
820 2415 935 2484 virum,
955 2433 1046 2493 saepe
1066 2413 1189 2474 vocarit
1206 2430 1257 2470 mc
1275 2429 1334 2490 per

204 2533 299 2579 unam
321 2512 478 2592 antiquam
498 2515 652 2588 vetulam,
674 2516 797 2592 quando
819 2513 869 2575 vir
889 2512 954 2594 ejus
975 2513 1037 2574 fuit
1056 2513 1180 2586 absens,
1201 2510 1336 2572 sednon

204 2610 277 2670 veni
298 2621 421 2690 praeter
434 2611 544 2684 semel,
563 2615 617 2676 scd
629 2626 713 2676 ,tune
729 2614 778 2674 fui
793 2611 901 2674 ebrius.
943 2612 1008 2691 Ego
1029 2611 1156 2684 hortor,
1179 2609 1265 2689 quod
1286 2607 1335 2668 bie

145 2777 161 2790 .„
203 2707 345 2786 jejunetis
372 2709 406 2778 iu
428 2711 584 2784 sabbato,
611 2723 641 2774 et
661 2722 766 2792 postea
791 2711 919 2774 faciatis.
940 2710 1164 2772 confessionem
1184 2707 1241 2768 uni
1262 2707 1337 2768 Ma·

145 2793 149 2800 ’
204 2807 297 2886 gistrc
319 2817 440 2881 nostro,
463 2808 590 2867 Ordinis
611 2811 879 2886 Praedicatorum,
908 2809 963 2891 qui
982 2819 1158 2890 possetvvos
1181 2808 1262 2870 benc
1285 2807 1337 2868 iu-

110 2987 116 2993 ·
204 2907 339 2966 stituere.
380 2907 420 2965 Et
449 2908 571 2983 quando
598 2909 713 2973 fecistis
741 2910 984 2984 contessionem,
1018 2919 1093 2969 tunc
1113 2907 1228 2968 debetis
1244 2925 1337 2967 orare

172 3069 174 3073 s
205 3005 244 3064 de
269 3013 374 3068 sancto
401 3004 643 3086 christophoro,
679 3009 763 3090 quod
795 3009 872 3070 velit
898 3027 953 3069 vos
981 3017 1106 3088 portare
1135 3008 1170 3066 iu
1196 3005 1337 3068 humeris

131 3143 138 3150 -
204 3104 286 3178 suis,
321 3124 361 3162 ne
383 3103 498 3163 iterum
518 3105 709 3185 recidivetis,
740 3128 775 3168 ac
796 3107 938 3188 mergatis
957 3127 1016 3168 ¹ros
1036 3106 1069 3164 iu
1090 3127 1176 3167 mare
1196 3107 1336 3187 amplum

207 3212 237 3264 et
254 3202 441 3282 spatiosum,
472 3203 506 3266 in
528 3219 683 3287 quosunt
704 3207 862 3288 reptilia‚,·
874 3227 1007 3286 quorum
1027 3226 1098 3268 nou,
1111 3216 1156 3266 est
1175 3225 1335 3276 numerus,

205 3300 238 3373 id
255 3312 315 3377 est,
336 3312 460 3398 peccata
482 3303 621 3380 infinita,
659 3307 740 3372 sicut
768 3306 896 3389 supponit
923 3305 1128 3386 compilator,
1165 3325 1201 3364 ac
1228 3313 1337 3393 ppstea
1430 3367 1431 3380 ἢ

207 3411 307 3474 orate,
327 3421 368 3464 ne
389 3402 503 3466 cadetis
522 3403 557 3468 iu
579 3405 787 3470 tentationem.
841 3401 965 3484 Surgitc
987 3403 1078 3464 etiam
1099 3423 1219 3476 mane,
1233 3404 1337 3463 lavate
1430 3423 1431 3452 1

207 3520 316 3590 manus
335 3504 601 3576 vestras,'ornute
623 3506 737 3578 crines,
772 3514 803 3568 et
822 3505 918 3567 nolite
939 3522 1006 3566 esse.
1024 3502 1207 3566 accidiosus:
1250 3501 1337 3585 Scri-

207 3599 299 3679 ptura
320 3599 402 3662 enim
423 3601 511 3665 dicit:
545 3606 670 3678 „Deus,
708 3604 793 3664 Deus
805 3623 913 3676 meus,
946 3604 985 3665 ad
1008 3603 1101 3680 tede
1123 3599 1337 3678 lu'cevigilo.“

208 3697 308 3768 Etiam
322 3697 417 3762 vitate
431 3702 499 3766 loca
517 3713 647 3782 secreta,
667 3723 724 3762 uos
742 3701 864 3775 scimus,
889 3703 972 3783 quod
986 3703 1054 3765 loca
1072 3710 1102 3762 et
1116 3712 1257 3780 tempora
1269 3719 1337 3756 sae·
1430 3741 1431 3744 η

209 3819 247 3878 pe
266 3796 418 3862 inducunt
437 3801 579 3870 homines
599 3801 637 3865 ad
663 3803 867 3882 peccandum,
906 3811 937 3862 et
955 3804 1089 3865 maxime
1112 3800 1151 3860 ad
1169 3797 1336 3860 luxurian-

209 3899 291 3966 dum·
348 3900 467 3988 Verum
487 3885 570 3982 quod
595 3902 689 3964 vultis
708 3921 726 3958 a
748 3922 797 3962 me
823 3900 937 3966 babere
961 3923 1059 3964 unum
1087 3898 1352 3980 experimentum·
1430 3901 1431 3920 ¹

209 3998 369 4078 probatum
386 3998 424 4070 de
440 4019 560 4076 amore,
580 3998 689 4074 sciatis,
710 4001 792 4078 quod
813 4021 868 4080 ego
890 4022 954 4064 non
976 4023 1100 4082 possum
1123 4001 1244 4059 salvare
1261 4017 1337 4055 con·
1430 4071 1431 4076 η

209 4096 365 4158 scientiam
385 4117 494 4162 meam.
542 4100 687 4181 ¹Quando
714 4100 844 4180 glossavi
867 4101 953 4164 vobis
975 4102 1026 4165 hic
1049 4099 1197 4164 Ovidium
1214 4097 1254 4157 de
1269 4105 1337 4157 arte
1430 4119 1431 4140 ³

209 4193 348 4268 amandi,
378 4195 444 4288 dixi
462 4200 565 4276 vobis,
593 4200 676 4280 quod
698 4219 789 4264 acmo
816 4199 941 4266 deberet
961 4203 1063 4284 facere
1086 4221 1144 4286 per.
1161 4208 1259 4262 artem
1280 4194 1340 4260 Ni-
