2872 4722
375 377 919 462 eneconvrnon.
1147 379 1208 446 149

81 543 138 601 hoc
157 548 202 599 ert
222 536 260 596 in
284 533 347 596 Dei
367 535 543 610 voluntate,
577 533 661 615 quod
681 542 781 615 potest
800 552 898 594 unum
916 533 1020 597 faeere
1040 534 1207 616 infirmum,
1241 579 1244 584 -
1295 529 1299 538 ’

81 637 197 721 quando
220 635 312 710 vult,
335 634 494 695 etiterum
514 654 638 707 sunere,
672 632 795 714 quando
815 633 874 694 ribi
894 633 1010 714 placet:
1038 636 1064 698 ei
1086 659 1208 720 semper

81 740 164 799 debet
183 735 299 798 venire
319 733 482 794 infirmiter
503 753 543 792 ex
562 731 686 808 labore,
722 741 798 794 tuno
813 732 899 794 'mihi
928 753 993 794 non
1016 745 1061 796 ert
1079 737 1208 806 bonum,

80 838 149 897 licet
168 855 226 895 vos
249 833 359 894 dicatis
386 853 436 892 me
465 852 529 894 uon
559 831 690 893 multum
710 833 860 896 laborare.
921 817 1047 914 Quippe
1067 855 1138 894 cum
1159 835 1209 897 fui

81 954 177 1014 nuper
196 933 234 992 in
257 932 465 1010 Heidelberga
485 925 568 1013 apud
587 932 685 992 bonor
704 931 817 1008 socios,
838 943 915 994 tuno
932 933 1068 992 maxime
1087 929 1210 1015 semper

82 1033 208 1114 cogebar
228 1033 373 1092 laborare
395 1050 465 1096 oum
487 1029 584 1104 collo,
604 1029 739 1091 bibendo
759 1029 1018 1107 minervinum,
1038 1033 1122 1114 quod
1144 1055 1209 1096 non

80 1133 193 1192 mirum
216 1130 342 1204 fuisset,
373 1129 457 1211 quod
477 1128 637 1190 trexireem
658 1129 774 1191 collum
793 1151 898 1192 meum
919 1130 1066 1207 abinde,
1104 1127 1136 1193 et
1154 1154 1209 1195 vor

79 1251 139 1291 non
160 1229 278 1310 putatis
300 1249 365 1288 esse
385 1229 482 1289 illum¹
502 1228 664 1290 laborem?
707 1229 769 1290 sed
793 1230 923 1291 sufficiat
947 1228 1024 1290 haee
1049 1233 1209 1313 responsio

78 1329 115 1390 ul
134 1329 227 1388 illam
248 1337 385 1408 partem:
425 1337 531 1408 postea
560 1328 699 1408 requitur
728 1328 764 1389 in
789 1337 891 1390 vestre
911 1329 1018 1406 litere,
1049 1332 1132 1410 quod
1153 1332 1209 1405 ‹le-

77 1430 165 1489 beam
203 1427 293 1486 vobis
328 1426 492 1506 disponere
528 1446 626 1486 uuum
657 1426 819 1504 libellum,
858 1428 893 1488 in
920 1448 981 1508 quo
1004 1438 1061 1489 rtet
1090 1431 1210 1512 aliquid

76 1526 248 1608 pulchrum
269 1545 326 1605 pro
345 1524 530 1603 juvenibus,
551 1524 634 1603 quod
653 1525 775 1608 possitis
794 1547 960 1588 resumere.
1012 1528 1093 1589 Cum
1113 1531 1210 1612 igitur

77 1625 183 1686 luistie
205 1624 286 1684 mihi
303 1643 426 1704 semper
446 1623 602 1699 amabilis,
623 1635 750 1706 propter
770 1625 946 1708 disciplinas
965 1639 1081 1689 vertrae
1098 1631 1209 1704 verior,
1276 1655 1279 1670 ·

75 1747 155 1806 quer
176 1724 262 1784 eeitir
276 1709 484 1797 fibntetenur,
524 1742 588 1783 nou
608 1723 697 1808 potui
724 1745 775 1784 me
794 1746 936 1802 servare,
964 1738 1085 1787 utnon
1106 1728 1211 1789 mitte-

75 1845 150 1886 rem
172 1822 262 1885 vobie
283 1841 371 1881 uram
390 1821 551 1902 epistolem
574 1841 614 1883 ex
639 1822 771 1904 pulchro
796 1824 921 1901 libello,
961 1826 1016 1905 qui
1044 1826 1210 1910 inscriptus

76 1935 142 1997 est,
185 1921 355 2006 Epistolere
383 1921 602 2000 Magistrorum
627 1921 846 2002 Lipsenoium,
889 1945 982 2005 quem
1015 1913 1210 1994 dietaverunt

76 2019 224 2102 Meptietri
251 2019 475 2100 dispositissimi
503 2019 537 2080 in
562 2021 643 2080 alme
662 2022 871 2084 Univerritete
897 2024 1058 2106 Lipsenri3
1100 2026 1210 2087 etheo

76 2129 243 2202 propterea
263 2119 342 2193 feei,
363 2119 390 2178 si
410 2119 510 2199 placet
529 2120 617 2180 vobis
638 2119 693 2180 illa
714 2121 814 2200 prima
834 2122 940 2197 litera,
961 2134 1036 2184 tune
1048 2123 1121 2185 volo
1136 2125 1212 2184 mit-

76 2232 141 2281 tere
162 2228 265 2280 totum
285 2217 419 2293 librum,
441 2219 599 2298 quianon
619 2218 753 2280 libenter
772 2220 917 2301 permitto
939 2240 958 2280 a
977 2240 1043 2300 me3
1070 2232 1116 2283 ert
1136 2243 1209 2304 ergo

76 2319 131 2380 ista
150 2317 286 2399 epistola
301 2317 373 2376 teliu
386 2316 420 2377 in
433 2315 598 2398 principio.
782 2327 784 2331 “

76 2487 241 2564 Magister
264 2484 358 2542 Curio
363 2522 374 2550 ,
397 2485 519 2562 Regem
542 2482 733 2542 Veterrr‘mur
756 2483 792 2539 in
811 2480 907 2540 burra
926 2483 1061 2541 Henriri
1081 2485 1207 2563 Lipsig,

75 2586 103 2642 S.
136 2587 188 2644 D.
222 2581 379 2640 Matthiae
409 2579 686 2658 Falbenbergenri,
723 2600 760 2638 ex
787 2583 921 2660 antiqua
941 2581 1078 2660 faenilia
1105 2582 1209 2642 Nobi-

112 2684 233 2758 lietae,
275 2692 345 2740 aute
363 2684 596 2762 quinquaginta
615 2698 729 2752 muer,
760 2690 791 2737 et
810 2678 914 2738 adbuc
933 2700 989 2740 ruo
1010 2682 1092 2740 rocio
1112 2683 1167 2741 iu-

564 2777 730 2838 uuuuur.
1238 2761 1240 2771 '

156 2916 321 2996 Quoniam
335 2904 459 2996 quidem
481 2935 551 2976 cum
572 2914 612 2974 eit
631 2913 694 2994 jam
716 2914 851 2996 longum.
864 2927 995 2997 tempus,
1015 2924 1128 2981 utnon
1142 2918 1209 2979 lui-

77 3036 142 3078 mus
164 3017 264 3076 simul
283 3016 367 3096 apud
385 3015 538 3086 invicem,
559 3015 676 3073 bonum
697 3033 762 3073 esre
780 3025 875 3099 puto,
902 3016 991 3077 vobis
1010 3018 1106 3079 semel
1125 3019 1209 3080 velle

78 3118 236 3188 scribere,
274 3125 310 3176 ut
334 3117 460 3194 entique
482 3114 617 3174 amicitia
642 3133 707 3172 non
733 3114 926 3189 destruatur,
967 3115 1041 3196 quia
1060 3116 1168 3178 audivi
1189 3138 1208 3176 a
1272 3097 1276 3105 ¹

79 3215 202 3283 multis,
223 3235 280 3274 vor
299 3213 400 3274 adhuc
421 3213 544 3288 vivere,
564 3222 595 3273 ot
615 3227 670 3272 vor
691 3211 769 3271 bene
789 3212 921 3288 hebere,
955 3226 1046 3296 etque
1065 3215 1131 3275 ritis
1153 3212 1207 3274 ad-

78 3314 138 3375 hue
159 3316 196 3374 in
215 3315 297 3373 bona
318 3312 531 3394 possibilitate,
552 3312 632 3372 sicut
650 3310 750 3371 fuistis
770 3312 871 3373 adhuc
891 3304 1031 3391 juvenis,
1052 3313 1136 3391 quod
1151 3333 1206 3390 ego
1257 3338 1261 3344 ’

79 3434 133 3492 per
152 3415 263 3473 Deum
281 3423 420 3472 sanctum
440 3433 512 3474 oum
533 3411 668 3472 maxime
684 3409 843 3470 hilaritate
864 3410 980 3470 audivi.
1040 3409 1105 3470 Sed
1132 3432 1206 3490 par·

81 3521 125 3572 eet
138 3511 223 3572 milri
242 3512 341 3571 bouus
359 3513 464 3585 Deus,
492 3510 576 3591 quod
596 3518 657 3570 tem
676 3510 800 3570 robuste
825 3507 937 3586 juravi.
978 3508 1104 3568 Utinam
1121 3510 1208 3568 Deus

81 3619 110 3669 et
127 3620 233 3670 renota
253 3609 355 3670 Maria
375 3611 470 3670 semel
487 3610 586 3672 velint
605 3611 802 3691 permittere,
833 3617 869 3666 ut
894 3606 957 3666 huo
975 3606 1097 3688 possitis
1118 3609 1207 3686 equi-

81 3718 162 3768 tare:
199 3709 273 3789 quie
294 3709 386 3770 audio
407 3729 462 3770 voe
488 3708 550 3788 jem
569 3729 633 3770 uon
653 3709 698 3768 eie
717 3707 850 3766 libenter
870 3707 1008 3786 equitare
1028 3707 1107 3765 siout
1127 3705 1207 3765 feci-

82 3808 150 3881 uie,
168 3807 292 3888 quando
313 3808 415 3869 fuistis
434 3829 556 3868 meeum
576 3808 611 3867 in
631 3805 822 3888 Erphordie‚
858 3805 942 3864 etin
960 3804 1089 3865 coeteris
1107 3805 1207 3885 perti-
1281 3881 1283 3890 X

82 3907 137 3966 bus
159 3907 329 3982 Suxouiue,
367 3909 490 3988 quando
512 3928 567 3988 ego
587 3908 707 3988 erepiur
727 3904 894 3964 admiratur
911 3923 980 3964 rum
1000 3913 1132 3990 vestrum
1154 3901 1207 3961 hi-

82 4006 253 4083 laritatem,
273 4029 344 4069 cum
365 4007 521 4089 equitostie
540 4007 576 4067 in
596 4027 685 4087 equo.
748 4005 814 4086 Ego
834 4003 925 4064 valde
945 4003 1054 4074 timui,
1082 4003 1206 4084 quando

82 4106 188 4169 audivi
217 4108 466 4170 Wormaoienres
492 4106 607 4168 hebere
633 4104 768 4186 litigium
794 4123 864 4163 cum
892 4095 1024 4182 quodam
1053 4102 1207 4176 nobilirtr,
1302 4095 1306 4101 ’

83 4227 124 4266 ne
145 4227 203 4275 vor
224 4207 315 4269 etiam
335 4207 438 4268 erretis
459 4227 529 4268 oum
550 4207 608 4265 illo
615 4244 627 4276 ,
648 4206 721 4285 quia
743 4224 805 4264 uua
826 4203 953 4282 antiqua
971 4202 1107 4278 familie,
1128 4202 1208 4262 elcut

85 4325 140 4366 voe
161 4308 245 4383 entis,
282 4317 326 4370 est
345 4309 479 4372 libenter
500 4305 583 4390 apud
603 4304 711 4384 eliam5
747 4323 868 4386 semper
894 4303 929 4365 iu
953 4302 1114 4384 juventute
1135 4323 1207 4363 oum
