2896 4716
399 311 944 391 onscnnvtnon,
1047 361 1049 366 -
1169 314 1280 380 213·

6 545 7 550 ’
117 541 280 621 Magister
300 537 509 599 remeandos
532 533 633 619 Ge'lff,
656 559 741 597 uuue
758 560 798 600 ee
817 539 978 609 minimis,
1004 540 1051 610 Μ.
1073 538 1205 600 Ortut‘no

531 638 641 698 Gratio
664 639 806 707 sulutem„

177 768 379 835 Venerabilis
398 789 454 830 seu
471 779 631 850 praestant.
654 771 738 846 vir,
756 771 896 852 quemvis
922 789 988 836 non
1021 771 1119 840 hebro
1143 773 1227 834 noti-

97 872 169 930 tiam
188 871 290 932 vestri
307 869 410 951 quoad
426 888 599 950 personam,
621 879 724 936 temen
747 871 849 952 quoad
870 871 984 936 famum
1005 870 1081 932 noui
1101 890 1165 934 roe.
1186 872 1227 932 Et

95 953 154 1034 lam
177 971 300 1031 dudum
322 978 383 1043 est,
411 969 495 1048 quod
515 969 658 1030 intellexi
678 970 717 1030 de
741 990 833 1032 caure
852 981 970 1046 vestra,
998 990 1076 1050 quae
1099 981 1226 1032 vocetur

95 1092 185 1131 ennea
206 1069 301 1144 fidei,
330 1078 437 1128 contra
455 1070 605 1141 Ioannem
617 1067 788 1144 Reuohlin,
810 1079 841 1132 et
862 1069 961 1142 huben
982 1088 1104 1132 mecum
1125 1079 1226 1132 totum

95 1191 290 1250 processum,
314 1177 345 1227 et
365 1167 488 1246 disputo
509 1167 646 1248 quotidie
669 1189 740 1229 oum
757 1169 928 1230 Curtieenir
949 1177 979 1229 et
1000 1167 1148 1250 Copietir,
1170 1168 1226 1249 qui
1323 1180 1328 1194 ‘

94 1267 269 1328 defendunt
288 1269 439 1326 ioannem
453 1266 625 1326 Reuchlin:
647 1276 678 1327 et
699 1269 821 1346 quando
844 1269 902 1328 iete
923 1268 1057 1342 Cursor,
1078 1289 1226 1348 praesen-

93 1369 169 1426 tium
191 1367 284 1440 lator,
308 1363 497 1438 dixitmitri,
519 1367 603 1444 quod
622 1367 691 1427 vult
710 1369 759 1428 ire
778 1369 820 1430 ed·
836 1369 1028 1442 Almaniam,
1050 1376 1081 1427 et
1093 1387 1151 1448 per
1164 1368 1227 1428 Co·

89 1466 210 1524 Ioniam
230 1465 324 1525 hebet
342 1463 446 1524 fecere
465 1462 543 1537 iter,
565 1464 633 1524 dixi
652 1475 743 1536 tuno:
772 1479 829 1548 per
848 1459 954 1532 Deum
974 1473 1133 1540 eructum,
1168 1486 1224 1548 ego
1322 1469 1324 1478 ’

90 1566 164 1625 volo
187 1562 371 1628 contrahere
391 1561 532 1620 notitiam
561 1583 631 1622 cum
653 1565 801 1645 Magistro
821 1565 972 1640 Ortnino,
1003 1574 1034 1628 ct
1047 1565 1225 1632 seribereei

87 1685 195 1726 unum
216 1664 379 1726 dictamen,
437 1661 529 1724 Tunc
547 1661 603 1728 ille
623 1659 721 1735 dixin,
760 1664 789 1724 Ο
808 1686 865 1746 per
877 1659 981 1725 Deum
1002 1659 1121 1736 facietis
1128 1707 1137 1740 ,
1158 1665 1225 1746 ipre

86 1763 236 1825 multum
254 1759 412 1840 gaudebit,
435 1770 466 1817 ct
486 1759 566 1820 dixit
588 1760 665 1828 mihi
676 1785 686 1830 :¹
713 1764 839 1842 quando
858 1763 944 1832 exivi
965 1762 1146 1839 Coloniam,
1175 1764 1225 1826 di-

87 1862 169 1924 catis
194 1860 337 1924 omnibns,
350 1858 518 1937 Theologis
538 1867 569 1918 et
587 1859 759 1936 Magistro,
781 1872 812 1923 et
824 1861 961 1936 Artium,
984 1871 1015 1922 et
1028 1861 1153 1938 Poetis,
1168 1866 1225 1944 qui

86 1970 164 2021 sunt
174 1963 309 2034 Romae,
348 1957 431 2037 quod
451 1957 584 2026 scribant
603 1958 699 2032 mihi,
736 1961 810 2039 quin
836 1961 970 2032 ‚libenter
991 1960 1108 2036 habeo,
1139 1962 1224 2042 quod

88 2058 174 2122 docti
196 2059 278 2132 viri,
302 2067 334 2118 et
354 2055 412 2136 qui
427 2065 500 2116 eunt
519 2057 598 2128 bene
616 2057 801 2136 qualificati,
822 2059 961 2127 scribunt
982 2059 1061 2121 mihi
1082 2060 1224 2130 dictami-

85 2181 145 2236 na,
168 2167 199 2218 et
217 2157 342 2237 quondo
360 2155 406 2213 oio
425 2155 562 2222 scribunt
584 2156 678 2229 mihi,
712 2167 788 2218 tuno
808 2177 869 2238 ego
886 2157 998 2236 colligo
1019 2157 1088 2218 illue
1108 2158 1222 2234 literne,
1263 2213 1265 2233 ,

86 2270 122 2319 et
140 2269 248 2339 postea
264 2256 351 2320 facio¹
367 2274 465 2314 unum
485 2254 603 2318 librum
624 2275 665 2320 ex
678 2255 756 2328 illu,
795 2264 826 2313 et
851 2255 933 2324 facio
962 2275 1011 2314 ear
1031 2254 1222 2336 imprimere.

83 2355 255 2436 Respondi
274 2355 321 2414 ei:
344 2356 427 2419 Bene
441 2353 504 2414 'scio
516 2397 534 2427 ,.
547 2353 620 2433 quic
632 2352 699 2413 vidi
720 2354 800 2426 bene
821 2373 921 2418 unum
940 2353 1075 2442 lilinum,
1096 2355 1150 2435 qni
1171 2355 1222 2416 iu-

82 2457 238 2516 titulatur
257 2455 415 2528 Epietoloe
444 2453 651 2524 Obscurorum,
681 2455 847 2525 Virorum,
886 2464 917 2518 et
936 2452 1069 2512 multum
1091 2453 1222 2520 delectat

80 2575 159 2628 me,
183 2551 308 2632 qnmdo
329 2553 411 2630 lego,
432 2553 506 2634 qnia
525 2564 571 2612 est
590 2552 768 2632 notabiliter
788 2551 905 2620 bonus„
933 2551 1049 2612 hubone
1070 2553 1105 2612 in
1126 2572 1159 2612 ee
1181 2552 1221 2612 de

80 2652 199 2715 multis
221 2650 359 2718 meteriis
372 2651 444 2712 hinc
463 2635 555 2723 inde.¹
587 2651 679 2730 Ergo,
700 2649 848 2730 Magister
865 2650 1018 2726 Ortuine,
1044 2669 1120 2733 rogo
1126 2692 1141 2726 ,
1163 2649 1221 2711 do-

81 2751 219 2817 minatio
238 2759 340 2812 vestra
358 2751 436 2818 uelit
454 2773 506 2812 me
526 2751 641 2823 habere
663 2749 927 2825 commendatum,
970 2751 1133 2832 quietum
1156 2748 1218 2810 mi-

82 2853 195 2916 rabilis
213 2852 321 2926 senff
338 2860 460 2926 neuter,
481 2863 512 2910 et
532 2871 607 2915 amo.
624 2871 685 2920 voa,
699 2849 933 2916 incredibiliter.
979 2850 1081 2912 Etiam
1102 2846 1220 2910 debetis

83 2975 136 3014 me
160 2950 379 3014 commendare
391 2951 503 3022 Ioanni
517 2950 727 3022 Plefferkorn,
748 2949 902 3029 qnondam
919 2948 1044 3025 Iudaeo,
1067 2949 1122 3011 red
1134 2968 1220 3012 nuno

82 3052 224 3115 feliciter
237 3053 272 3110 in
285 3050 415 3114 Christo
424 3049 586 3130 baptizato,
626 3049 723 3118 Liber
743 3069 835 3123 cnut,
858 3049 915 3130 qui
933 3049 1111 3116 intituletur¹
1130 3049 1219 3126 „De-

85 3152 192 3214 fensio
210 3151 337 3218 Ioannis
350 3149 550 3222 Pfcfferkorn
570 3159 677 3216 contre
696 3149 874 3223 femoreo,“
907 3158 953 3209 eet
979 3147 1060 3218 milri
1079 3157 1218 3228 portetur

86 3273 127 3312 ex
146 3250 310 3324 Almauie,
341 3261 372 3311 et
391 3250 452 3326 legi
472 3270 544 3324 eum
563 3269 621 3329 per
639 3258 758 3323 totum,
794 3259 826 3308 et
844 3248 964 3330 rigueti
990 3246 1139 3318 notabilia
1146 3287 1157 3321 ,
1186 3256 1218 3306 et

86 3351 336 3412 continuationes
357 3347 393 3416 iu
412 3349 568 3427 margine,
589 3359 621 3409 et
645 3349 779 3409 multum
798 3361 890 3406 teneo
909 3349 948 3406 de
967 3347 1024 3405 teli
1043 3345 1134 3405 libro.
1156 3344 1216 3403 Sed

85 3450 203 3510 debetis
226 3449 256 3507 ei
276 3447 395 3520 dicere,
418 3449 502 3526 qnod
522 3457 568 3507 eet
586 3467 668 3506 nnus
688 3445 836 3524 Officielie
856 3447 988 3518 Curiae,
1007 3442 1063 3524 qui
1083 3450 1129 3504 eet
1148 3441 1215 3502 riu·
1310 3518 1311 3524 ἵ

84 3549 302 3630 gularitsimue
320 3547 426 3608 fautor
444 3549 570 3607 ioannis
587 3547 754 3616 lieuchlin.
795 3547 865 3626 Ipse
880 3545 1005 3624 collegit
1025 3542 1144 3622 uliquoo
1164 3560 1216 3600 er·

84 3649 198 3708 tioulor
222 3668 262 3708 ex
280 3644 337 3704 uli
354 3645 436 3712 libro
458 3646 585 3715 Ioannis
597 3647 807 3718 Pfefferkoru,
827 3654 858 3704 et
878 3644 948 3705 vult
966 3643 1108 3724 probare,
1131 3639 1216 3722 quod

85 3747 121 3806 in
140 3747 254 3808 utinm
275 3744 414 3813 articulis
440 3747 555 3826 partim
582 3756 628 3810 ett
653 3744 805 3820 haeresin,
838 3741 954 3825 purtim
980 3741 1098 3820 crimen
1116 3738 1216 3800 laesae

85 3844 275 3924 Mujettetie3
295 3855 326 3905 et
344 3845 437 3919 dicit,
462 3847 547 3926 quod
565 3845 619 3906 fiat
637 3844 799 3926 inquisitio
823 3852 931 3912 contre
957 3844 1106 3914 Ioannem
1124 3838 1215 3902 ttet-

85 3946 218 4006 ferkorn
237 3944 278 4002 de
297 3945 420 4006 haeresi
445 3954 477 4004 et
497 3945 629 4016 erimine
654 3947 754 4008 laesae
779 3943 956 4025 Majeotctit.
1004 3940 1099 4004 Mitto
1127 3937 1217 4000 vobit

83 4043 137 4104 hic
151 4063 248 4104 unam
268 4045 463 4120 schedulam,
490 4046 527 4114 in
545 4069 608 4128 qne
627 4048 805 4114 scribuntur
823 4043 872 4104 illi
892 4041 1035 4118 articuli,
1064 4047 1096 4102 et
1115 4037 1216 4100 couti-

83 4151 201 4202 nentnr
221 4155 330 4204 contro
347 4145 431 4226 ipsos
449 4147 637 4221 rolutionee,
656 4167 732 4227 queo
752 4164 809 4226 ego
828 4143 987 4226 replicavi.
1048 4139 1134 4222 Quia
1152 4138 1217 4200 dir·
1292 4199 1305 4217 ,

85 4242 196 4322 putavi
216 4263 288 4304 cum
308 4246 367 4304 illo
385 4245 536 4322 Officieli,
570 4257 602 4308 et
621 4244 749 4306 delendi
769 4245 918 4306 Ioannem
936 4239 1136 4305 Piefferkorn
1157 4257 1215 4322 pro
