2896 4716
223 328 289 434 27:
586 299 991 396 urrsro'uau·

222 486 422 568 scripturae,
464 482 538 548 licet
564 487 632 568 ipee
652 497 683 549 et
708 486 801 548 etiarn
830 486 887 550 elii
905 507 1028 571 :emper
1048 473 1160 552 volunt
1179 489 1367 574 Theologoa

223 586 366 668 antiquos
388 585 515 668 plagare
541 605 612 646 cum
633 585 689 646 illa
714 587 892 664 literatura,
930 602 962 650 et
981 588 1102 663 nereio,
1120 592 1278 670 quomodo
1299 593 1366 672 ipri

223 695 404 769 supponunt
430 697 502 746 cum
529 685 620 746 Novo
641 687 838 747 Testamento
869 698 901 748 et
922 689 1079 770 Operibus
1104 691 1134 748 S.
1157 691 1365 770 Hieronymi,
1425 753 1429 762 ‚

223 785 308 866 quod
329 801 452 866 semper
482 785 595 848 volunt
620 784 707 846 illam
739 785 924 848 haereticum
948 788 1140 849 literaturam
1169 789 1363 862 immieeere,

223 903 294 947 eum
314 893 419 944 tamen
440 884 522 946 dicat
541 883 672 959 Paulus,
711 886 795 965 quod
815 883 932 948 Graeci
951 907 1073 969 semper
1098 887 1160 950 rint
1179 887 1363 948 mendaces:

222 986 254 1047 e't
274 984 494 1063 ergovidetur
513 1004 584 1044 cum
602 986 837 1064 supportatione
855 987 1040 1048 eximiorum
1063 987 1286 1067 Magistrorum
1300 1006 1362 1048 uo-

221 1095 373 1159 utrorum,
409 1084 492 1164 quod
512 1085 568 1143 illa
587 1083 748 1144 literatura
769 1085 851 1146 nihil
870 1087 912 1147 eit
931 1105 1024 1167 quum
1040 1086 1251 1148 mendacium:
1273 1106 1361 1146 nuuc

221 1184 377 1245 eubeumo.
427 1183 488 1243 Sed
509 1181 687 1263 quicunque
707 1185 777 1244 vult
799 1187 993 1247 confundere
1014 1187 1138 1246 Sacram
1160 1187 1359 1268 scripturam

221 1283 399 1358 mendaciis,
421 1282 476 1342 ille
496 1292 542 1343 ert
562 1281 749 1343 haereticus:
771 1305 852 1366 ergo.
892 1285 985 1346 Nune
1007 1285 1131 1366 ipsimet
1148 1283 1262 1360 sciunt,
1280 1283 1358 1364 quid

221 1383 378 1464 nequitur,
399 1381 581 1462 quieceret,
606 1382 709 1456 credo,
731 1383 805 1463 ipsis
824 1385 1010 1460 scandalum,
1027 1384 1155 1465 quando
1175 1404 1231 1465 ego
1251 1383 1358 1464 palam

221 1481 456 1557 concluderem,
478 1501 530 1540 eor
551 1501 616 1540 ease
636 1481 816 1543 haereticos.
877 1484 906 1544 Ο
921 1484 947 1543 ei
969 1485 1099 1558 scirent,
1121 1483 1209 1543 iatam
1231 1480 1358 1544 subtili-

219 1592 315 1644 tatem
335 1582 372 1642 in
391 1601 443 1641 me
464 1601 544 1654 enee,
582 1579 643 1662 ipai
675 1601 739 1641 non
767 1581 912 1644 venirent
934 1583 1013 1642 mihi
1034 1594 1106 1642 ante
1129 1578 1250 1644 faciem.
1292 1583 1379 1640 Tra-¹

220 1692 288 1743 cete
313 1689 418 1742 tamen
443 1699 541 1760 mque
570 1679 608 1738 ud
627 1679 741 1755 finem,
783 1693 859 1742 tuuc
886 1682 965 1742 bene
990 1682 1148 1743 videbitur
1169 1681 1258 1760 cujus
1280 1680 1356 1740 toni.
1382 1725 1391 1748 ,

221 1781 284 1842 Sed
303 1801 362 1862 pro
388 1778 578 1840 novitatibur
605 1798 670 1839 non
697 1800 821 1860 possum
852 1781 1022 1856 dimittere,
1065 1782 1142 1862 quin
1168 1781 1257 1842 vobis
1278 1779 1356 1839 ecri-

218 1883 300 1944 bam.
363 1879 424 1938 Sed
445 1878 537 1937 etiam
557 1898 675 1958 nuper,
699 1883 803 1940 nescio
825 1881 968 1962 quando,
997 1881 1031 1942 in
1051 1902 1116 1942 uno
1136 1879 1301 1953 convivio,
1324 1887 1355 1937 et

218 1981 265 2042 ibi
287 1978 379 2039 etiam
400 1978 531 2037 fuerunt
557 1977 649 2039 multi
677 1981 832 2060 praetensi
858 1981 988 2061 juvence
1013 1979 1105 2055 socii,
1146 1990 1177 2040 et
1196 1988 1354 2040 venerunt

111 2103 113 2107 ’
148 2065 152 2078 ’
221 2077 353 2162 quilibet
373 2098 413 2136 ex
433 2077 495 2136 alia
516 2077 643 2158 regione
665 2080 698 2139 in
720 2101 818 2139 unum
840 2080 1038 2160 Symbolum,
1071 2101 1150 2140 unus
1172 2097 1211 2137 ex
1230 2075 1353 2157 Anglia,

219 2177 300 2239 ali'ua
320 2197 360 2238 ex
381 2177 567 2260 Argentina,
609 2178 687 2239 aliur
709 2201 749 2238 ex
769 2181 923 2255 Wienna,
959 2180 1038 2239 aliua
1056 2187 1121 2236 erat
1138 2175 1352 2256 Wimphinue‚

220 2276 276 2359 qui
296 2288 427 2363 vocatur
447 2278 636 2358 Angelinus,
668 2280 747 2338 alius
766 2280 943 2355 Romanus,
976 2279 1031 2359 qui
1052 2278 1115 2337 fuit
1133 2278 1213 2336 bene
1233 2275 1352 2335 medius
1438 2318 1439 2337 η

219 2371 419 2450 (luminemus,
455 2378 598 2438 etmulti
622 2380 719 2439 multa
741 2379 906 2454 dixerunt,
928 2387 963 2438 ut
984 2379 1050 2459 ipre
1072 2375 1163 2439 ecitie.
1204 2376 1246 2435 Et
1262 2373 1352 2436 veni-

219 2500 289 2540 mue
309 2477 344 2537 in
367 2475 521 2555 colloquia
542 2475 582 2535 de
603 2497 694 2536 causa
713 2478 879 2538 Reuchlin.
929 2479 1020 2538 Tunc
1042 2497 1124 2537 unus
1144 2473 1283 2536 surrexit
1301 2493 1353 2533 er-

219 2600 257 2660 ga
278 2599 348 2652 me,
368 2575 422 2636 ubi
446 2573 580 2648 audivit,
604 2577 687 2654 quod
710 2597 765 2658 ego
787 2593 849 2637 non
871 2577 920 2638 fui
940 2577 1038 2638 bonu:
1058 2573 1292 2647 Reuchlinieta,
1322 2581 1352 2632 et
1437 2575 1438 2609 ³

220 2677 315 2740 dixit:
356 2676 406 2736 Ne
429 2662 532 2735 veniat
556 2676 636 2735 mihi
665 2676 775 2736 obvius
794 2675 986 2738 Coloniensie
1014 2675 1193 2757 copulatista
1213 2673 1351 2734 Theolo-

220 2799 292 2862 gue,
313 2777 388 2836 aliar
408 2775 482 2837 volo
504 2795 575 2834 eum
597 2775 657 2837 cito
679 2778 881 2851 emasculare,
915 2786 945 2836 et
966 2774 1148 2856 praesertim
1168 2773 1349 2853 Magistrum
1436 2795 1437 2804 ¹

221 2875 401 2938 Ortuinum.
463 2875 554 2934 Tune
584 2895 639 2956 ego
660 2875 740 2936 traxi
767 2875 901 2936 fistulam
921 2895 1021 2934 meam
1044 2874 1077 2933 in
1098 2891 1199 2933 meum
1221 2892 1349 2944 saccum,

124 2973 126 2977 ’
221 2989 252 3037 et
271 2976 350 3034 nlius
371 2973 470 3046 dixit,
500 2974 554 3053 qui
575 2996 640 3036 non
661 2987 728 3034 erat
747 2976 852 3050 diver,
888 2984 918 3035 et
939 2974 1075 3055 perdidit
1092 2973 1185 3055 plura
1206 2971 1351 3032 beneficia
1435 3005 1436 3044 ,

76 3107 80 3117 =
115 3131 116 3142 ,
221 3077 256 3137 in
278 3074 375 3136 Curia
396 3069 556 3143 Romana,
586 3086 706 3135 etcum
727 3073 1088 3135 hocmalehabetcum
1109 3071 1350 3133 omnimeur-

220 3175 346 3249 tieanie,
368 3183 399 3234 et
418 3173 498 3233 dixit
518 3174 689 3249 mirabilia,
711 3185 746 3236 ut
766 3175 921 3256 sequitur:
941 3194 1034 3254 :uper
1056 3173 1160 3232 anima
1177 3189 1263 3244 men,
1284 3189 1349 3229 sae-
1434 3245 1435 3264 Χ

220 3297 261 3358 pe
282 3271 405 3347 miravi,
426 3272 509 3352 quod
529 3274 581 3334 isti
603 3275 638 3334 in
659 3275 777 3355 magnis
794 3274 939 3356 caputiis,
970 3274 1024 3354 qui
1044 3281 1196 3333 vocantur
1215 3267 1349 3330 Theolo-

221 3375 270 3457 gi,
303 3383 334 3434 et
354 3381 426 3434 eunt
445 3375 480 3432 iu
498 3372 554 3434 illa
574 3373 699 3460 civitate
705 3417 714 3449 ,
758 3373 813 3434 ubi
842 3374 1033 3454 impressitae
1063 3381 1136 3433 eunt
1159 3367 1347 3453 quaestiones

221 3493 317 3555 nuper
335 3473 513 3547 Donatum,
556 3473 726 3534 secundum
751 3473 835 3534 viam
855 3474 952 3533 sancti
971 3471 1129 3545 Thomee,
1172 3479 1203 3530 et
1224 3467 1349 3550 regulae
1433 3491 1434 3538 3

222 3572 499 3647 Grammaticales,
512 3573 684 3634 secundum
705 3573 787 3634 viem
808 3573 1037 3652 Antiquarum,
1066 3589 1138 3632 cum
1158 3570 1219 3630 isto
1237 3566 1347 3628 carmi-

222 3693 282 3735 ne:
322 3671 477 3752 Accipio:
495 3676 580 3732 carati
593 3675 740 3732 Dor-toris
760 3672 1045 3752 dogmatotronoti,
1073 3671 1156 3733 iuter
1175 3671 1259 3752 ipson
1277 3671 1347 3730 Mu-

222 3771 334 3848 nachi,
355 3772 411 3854 qui
430 3772 542 3834 volunt
560 3773 638 3842 alios
656 3793 780 3853 semper
799 3757 1094 3832 facerelruereticoe.
1136 3774 1242 3850 Quare
1256 3768 1345 3829 etiem

222 3893 289 3940 non
309 3871 470 3958 stimulant
498 3891 592 3954 super
621 3873 710 3948 illoe,
752 3883 784 3934 et
808 3872 985 3953 producunt
1002 3871 1236 3954 inquisitionem
1257 3888 1347 3949 super

225 3993 295 4046 eor,
315 3992 411 4052 cuper
431 3961 592 4032 haeretica
605 3974 772 4054 pravitate,
799 3973 854 4053 qui
877 3971 991 4033 habent
1010 3981 1057 4033 tot
1075 3973 1174 4033 multu
1192 3967 1345 4042 beneficia,

137 4131 143 4153 ἢ
217 4091 307 4134 -uuue
327 4091 403 4146 rex,
423 4073 504 4132 alter
521 4070 650 4148 decem,
669 4074 748 4133 aliua
769 4071 881 4153 viginti
902 4082 933 4132 et
954 4071 1070 4153 magie3
1114 4080 1146 4132 et
1167 4077 1347 4150 congregant

224 4181 291 4241 taur
314 4170 443 4230 multam
469 4172 649 4252 pecuniam,
690 4183 722 4233 et
748 4181 863 4232 tautam
895 4171 1081 4232 credentiam
1104 4191 1144 4230 ex
1164 4168 1297 4229 flosculi:
1318 4176 1346 4227 et

224 4269 345 4351 poculis
365 4269 534 4350 peoheriie,
566 4274 647 4333 sicut
665 4272 693 4332 ai
712 4282 812 4352 essent
831 4271 889 4333 filii
907 4271 1086 4353 Principum
1107 4272 1158 4334 vel
1179 4269 1346 4347 Comitum;
