2840 4718
221 309 284 378 388
435 321 439 328 ’
565 301 1003 373 ntnnoct‘vn.
1141 298 1146 306 ’

224 466 394 530 consulem.
442 467 574 546 Hogstr.
608 463 847 545 Egosdeberem·
861 465 945 528 ultra
963 463 1173 548 interrogare,
1206 465 1256 526 sed
1274 485 1328 528 cae-

112 597 114 604 ’
223 567 284 632 tori
303 563 446 647 Magistri
466 567 564 628 nostri
585 585 650 626 non
667 575 740 626 sunt
759 576 953 647 praesentes,
975 575 1080 626 tamen
1101 562 1199 646 major
1218 577 1329 647 pareest
1360 593 1363 610 ·

223 687 383 756 praesens,
404 675 436 728 et
454 665 526 727 ideo
546 666 619 728 volo
643 665 829 728 concludere
848 664 1018 726 secundum
1041 681 1110 739 eos,
1130 665 1185 745 qui
1201 664 1258 744 jam
1275 677 1330 728 sont

222 777 405 851 praesentes.
445 765 500 839 Et,
519 763 600 827 sicut
618 765 700 826 bene
721 764 838 840 andivi,
857 762 962 826 nullus
979 763 1072 826 habet
1092 765 1330 846 complacentiam,

223 887 325 949 neque
343 867 378 926 in
406 865 566 940 Luthero,
613 883 715 944 neque
743 865 779 925 in
807 863 877 924 aliis
902 861 994 926 novis
1020 863 1136 924 Poetis
1155 875 1187 924 et
1212 853 1330 924 Scriben·
1387 905 1388 932 ,

222 946 322 1035 nia,
354 966 428 1027 nea
446 963 528 1024 unas
549 963 632 1026 nost
651 963 710 1039 sic,
742 963 822 1024 snus
848 963 948 1024 nita.
987 963 1028 1023 st
1050 964 1123 1043 qun
1148 963 1187 1024 aa
1213 983 1330 1044 praesen

222 1087 287 1129 non
303 1083 465 1147 possumus
486 1082 592 1124 oannes
612 1061 741 1124 illorum
760 1062 859 1124 libros
880 1061 1075 1138 examinare,
1111 1063 1260 1136 cribrans,
1292 1083 1331 1122 re·

223 1167 373 1251 probare,
415 1171 447 1223 et
466 1161 538 1222 ideo
558 1181 617 1244 pro
637 1182 721 1223 nunc
747 1161 830 1222 nihil
857 1161 1001 1222 volumus
1026 1163 1149 1236 faeere,
1190 1161 1248 1222 nisi
1265 1163 1330 1242 qnod

223 1266 368 1330 volumus
387 1261 556 1343 prohibere
575 1281 633 1345 per
652 1261 758 1322 literae
779 1269 810 1321 et
827 1259 1072 1324 instrumentum
1084 1261 1243 1344 publicum
1254 1263 1331 1321 almae

223 1374 349 1428 nostrae
371 1361 608 1430 Universitatis‚
637 1382 678 1422 ne
697 1360 859 1440 quiaillos
879 1360 1069 1422 fabulatores
1089 1361 1179 1442 legat.
1235 1361 1331 1422 Interea
1388 1389 1389 1446 ᾗ

224 1461 436 1543 unusquisque
455 1470 596 1524 vestrum
613 1454 655 1523 sit
675 1469 828 1534 armatus,
848 1466 879 1520 et
901 1457 1005 1535 faciat,
1026 1459 1229 1541 quantumin
1245 1479 1273 1519 se
1290 1470 1330 1534 est,

223 1566 258 1626 in
278 1563 372 1624 domo
394 1580 470 1632 ena,
503 1581 562 1640 pro
584 1558 798 1621 examinandis
816 1559 880 1618 illis
898 1558 988 1619 libris
1010 1561 1195 1636 Poetarum,
1230 1573 1258 1620 et
1273 1561 1331 1620 scri·

222 1666 276 1727 bat
295 1662 332 1723 in
350 1660 518 1724 volumine.
584 1660 660 1722 Post
678 1669 742 1722 tres
769 1677 892 1720 menses
921 1659 1068 1721 volumus
1096 1659 1214 1722 iterum
1235 1643 1329 1733 venire,

224 1773 257 1826 et
277 1761 385 1822 omnia
402 1759 585 1840 imprimere
604 1760 640 1820 in
659 1777 724 1820 uno
745 1758 926 1832 volumine,
962 1759 1183 1821 sentimentum
1209 1761 1331 1820 uniuscu-

223 1864 333 1944 jusque
353 1859 389 1920 in
407 1859 554 1940 speciali,
589 1878 661 1920 cum
684 1858 802 1939 quotie,
838 1867 870 1918 ct
891 1859 1141 1922 annotationibus
1163 1862 1194 1922 S.
1218 1859 1331 1920 Thonse

216 1962 259 2021 in
279 1960 427 2040 margine.
470 1955 595 2037 Siquis
617 1946 695 2019 vero
715 1956 791 2018 huie
813 1957 954 2018 Consilio
974 1969 1096 2034 nostro,
1116 1959 1250 2041 legitime
1267 1957 1331 2017 etin

225 2059 348 2140 Spiritu
369 2061 399 2118 S.
419 2065 621 2138 congregato,
642 2056 840 2137 derogaverit
859 2059 912 2119 vel
933 2058 1166 2134 obtrectaverit,
1194 2059 1273 2120 velut
1285 2056 1332 2116 ni-
1389 2065 1390 2110 ἐ

224 2179 284 2219 nus
304 2158 437 2232 idoneo,
475 2156 720 2235 indignationem
742 2139 963 2237 omnipotentis
985 2159 1048 2218 Dei
1068 2158 1220 2233 incurret,
1252 2167 1278 2217 et
1295 2177 1330 2215 sa-

224 2268 399 2320 crosanctae
419 2257 579 2317 Romanae
598 2256 679 2316 sedis
685 2297 694 2330 ,
730 2276 811 2336 quae
833 2265 878 2316 est
897 2257 939 2318 in¹
950 2248 1123 2336 Babylone,
1145 2258 1201 2320 ubi
1220 2259 1331 2336 Synago-

107 2383 110 2390 ⁴
224 2379 264 2440 ga
279 2359 417 2420 Satanae.
458 2356 596 2417 Domine
615 2355 759 2431 Pedelle,
790 2355 908 2437 legatis
924 2356 1005 2417 hanc
1021 2357 1153 2438 copiam,
1193 2355 1330 2418 Pedellus:

225 2457 423 2519 Constitutio.
465 2457 502 2518 ln
522 2455 650 2517 nomine
669 2453 821 2531 Domini,
850 2457 961 2518 Amen.
1001 2458 1178 2520 Antoritate
1197 2454 1330 2518 Sanctissi·

225 2557 270 2617 mi
285 2556 416 2617 Domini
435 2555 535 2616 nostri
547 2557 649 2638 Papae
659 2555 777 2615 Leonis
789 2553 833 2617 X.
843 2565 873 2616 et
887 2557 1021 2617 aliorum
1035 2567 1210 2620 sanctornm
1224 2553 1330 2617 Pontii·
1390 2583 1391 2616 1

225 2675 297 2717 eum
305 2699 315 2733 ,
335 2657 390 2737 qni
405 2655 618 2718 fundaverunt
632 2653 873 2716 et'institnerunt
882 2665 912 2716 et
925 2657 1099 2738 privilegiis
1115 2660 1284 2720 munierunt
1295 2654 1331 2712 al-

224 2776 309 2817 mam
321 2767 458 2816 nostram
474 2755 716 2818 Universitatem
727 2754 943 2815 coloniensem
957 2769 989 2818 at
1000 2759 1235 2829 Lovaniensem,
1246 2752 1330 2815 statui-

224 2876 294 2916 mus
310 2864 341 2914 et
353 2853 566 2916 ordinavimus
572 2897 580 2930 ,
596 2875 652 2916 nos
660 2853 804 2936 Magistri
817 2854 855 2916 de
865 2855 997 2918 Colonia
1011 2868 1041 2917 et
1057 2856 1250 2931 dehortaris,
1267 2851 1329 2912 noia

123 3004 127 3009 ,
225 2955 307 3014 alma
327 2963 434 3013 nostra
454 2953 686 3028 Univereitate,
723 2975 803 3033 quae
831 2964 878 3015 est
896 2966 994 3018 mater
1015 2957 1253 3018 Universitetum
1270 2952 1331 3011 Ger·

224 3050 363 3124 maniae,
406 3051 508 3132 legant
529 3051 654 3138 publice
676 3053 728 3112 vel
748 3052 887 3132 private,
928 3055 963 3115 in
985 3056 1098 3116 scholis
1117 3055 1329 3134 Theologonsn,

224 3149 344 3233 aliquid
371 3150 411 3210 de
437 3151 501 3212 illis
526 3153 617 3213 novis
647 3152 812 3226 doctrinis,
855 3171 934 3232 quae
960 3152 1024 3235 jana
1049 3155 1198 3217 suadente
1222 3149 1330 3214 Disbolo

225 3259 416 3315 emerserunt
444 3259 475 3310 et
505 3251 657 3313 seducant
676 3252 839 3332 plurimos.
898 3250 1050 3336 Insuper,
1070 3275 1129 3316 'na
1149 3255 1190 3316 de
1212 3252 1268 3313 illis
1290 3249 1329 3307 1⁰·

225 3360 378 3434 quantur,
418 3349 471 3409 vel
491 3351 625 3411 scribant
650 3351 684 3411 in
705 3351 859 3431 epistolis,
901 3355 954 3415 vel
973 3353 1056 3415 alibi.
1116 3353 1158 3416 Et
1177 3373 1216 3414 ne
1233 3344 1329 3412 librarii

225 3449 344 3534 aliquid
365 3449 550 3532 importent,
569 3447 623 3511 vel
640 3450 777 3516 vendant
796 3451 986 3534 scholaribus
1005 3453 1128 3540 nestris.
1170 3455 1210 3514 Et
1227 3445 1329 3528 religio·

117 3578 121 3585 ·
223 3552 281 3626 sis,
301 3570 343 3614 ne
362 3549 424 3630 ipsi
437 3549 563 3631 ‚aliquid
583 3550 711 3611 illorum
733 3563 885 3632 reponant
904 3553 938 3614 in
957 3554 1022 3614 suis
1041 3553 1189 3624 librariis,
1208 3551 1257 3612 snb
1274 3557 1329 3606 taxa

225 3660 357 3732 quatuor
378 3669 553 3711 marcarum
576 3650 661 3725 auri,
683 3649 812 3723 totiens,
848 3653 990 3734 quotiens
1016 3635 1201 3736 deprehensi
1225 3644 1332 3710 suenni·

224 3751 342 3811 Contra
352 3747 501 3809 facientes
513 3761 659 3830 tanquam
667 3749 869 3812 <contumaees
885 3761 916 3813 et
927 3753 1059 3814 rebelles
1072 3751 1197 3814 excludi
1210 3747 1329 3811 votano

213 3851 277 3916 ,hic
290 3860 322 3911 et
336 3847 470 3930 ubique,
498 3859 528 3910 et
542 3848 577 3910 in
588 3850 732 3910 omnibus
744 3849 821 3910 locis
832 3850 1019 3912 honestis-ab
1036 3849 1293 3918 Universitatibus,
1306 3849 1330 3899 et

224 3950 281 4011 sub
301 3967 402 4028 poena
422 3947 626 4012 inhabilitatis
645 3949 685 4008 ad
704 3969 919 4032 quemcunque
932 3951 1063 4033 gradum
1076 3953 1111 4013 in
1124 3945 1296 4028 Theologia‚
1310 3939 1330 3998 si

225 4047 323 4109 luerit
340 4047 506 4130 Magister:
546 4048 574 4109 si
599 4059 703 4111 autem
724 4049 759 4110 in
779 4049 971 4128 minoribus,
1006 4073 1049 4113 ne
1067 4057 1275 4134 promoveatur
1299 4036 1330 4100 td

225 4145 355 4226 gradum
385 4147 564 4243 magisterii.
626 4146 811 4210 Doctrinam
840 4169 917 4214 vcro
936 4151 1079 4220 *Luthcri
1110 4163 1141 4214 et
1159 4165 1258 4212 nannet
1275 4139 1330 4220 ‘till

224 4244 322 4306 libros
349 4243 559 4334 damnamus,¹
579 4245 788 4310 annihilamus
809 4256 841 4312 et
868 4247 911 4311 ud
931 4248 1035 4332 ignem
1059 4251 1245 4335 judicamus,
1279 4255 1329 4299 ⁰¹¹²
