2866 4724
221 345 292 417 286
425 343 715 409 EPISTOLAE
738 343 944 408 OBSGUR.
965 345 1143 410 vntott.

220 513 361 576 vertere,
397 512 429 562 et
457 500 620 564 falsificare
647 498 691 562 ite
715 499 783 582 pies
810 500 973 584 opiniones
1002 494 1178 583 probissimi
1198 501 1354 564 hominist

220 605 275 665 sed
287 621 343 682 ego
363 599 497 661 simliter
516 599 666 681 cogitavi,
703 600 786 680 qnod
811 619 876 660 non
904 601 981 662 faoit
1001 601 1061 662 hoo
1083 599 1169 666 alind
1188 601 1353 664 hominum

220 723 333 782 genus,
354 721 446 782 quam
466 699 534 774 hoc,
556 699 639 780 quod
658 698 750 760 ludos
770 699 810 759 de
829 697 979 760 testiculis
995 699 1128 781 scalpsit,
1149 702 1352 783 qniapntrom

219 802 359 882 sequitur
380 821 435 861 sua
455 799 579 882 proles,
600 811 635 860 ut
655 809 700 860 est
716 798 1068 884 loannesPiefferkorp.
1108 799 1149 862 Et
1168 821 1224 862 vos
1245 793 1352 864 onines

220 893 397 963 estis·smici
415 897 524 979 hujus,
552 899 625 979 quin
645 896 756 958 schlim
775 897 893 958 sohlem
912 897 1023 958 similis
1044 899 1165 977 quaerit
1183 900 1244 961 sibi
1264 902 1351 961 sitni-

217 1004 291 1064 lem.
343 1000 385 1059 Et
405 1017 478 1078 ergo
500 997 539 1057 nd
560 999 664 1059 furcas
684 1017 755 1056 cum
776 997 865 1058 vobis
886 997 1048 1072 omnibns,
1081 997 1120 1058 nd
1140 1019 1215 1080 ques
1234 1001 1351 1081 perdu-

218 1112 268 1162 cet
288 1121 344 1163 vos
362 1099 457 1159 lictor
476 1116 544 1156 oum
565 1096 656 1157 sociis
677 1095 758 1172 suis,
778 1096 866 1158 vobis
887 1095 1075 1167 dicentibus,
1092 1107 1190 1158 ‘orote
1210 1119 1270 1181 pro
1291 1121 1350 1184 nos

217 1201 276 1263 bis.
319 1198 381 1260 Sed
400 1216 585 1277 quamquam
605 1197 752 1276 quoniam
775 1194 902 1276 quidem
923 1195 980 1255 illo
1003 1195 1107 1257 omnia
1126 1217 1200 1260 vern
1218 1199 1298 1274 sint,
1319 1209 1349 1261 et

216 1301 289 1361 ideo
310 1297 398 1360 vobis
418 1295 618 1376 singulariter
638 1294 678 1356 sd
698 1314 808 1355 manus
828 1294 971 1376 proprios
992 1295 1049 1356 ille
1067 1295 1184 1370 scribo,
1219 1307 1256 1359 ut
1276 1319 1349 1379 pos-

204 1401 283 1461 sitis
304 1397 396 1457 etiam
417 1395 485 1455 aliis
504 1393 625 1468 dicere,
666 1393 721 1474 qni
749 1394 907 1455 vobiscum
934 1393 1042 1454 sedent
1061 1395 1094 1462 in
1117 1396 1175 1457 hoo
1195 1396 1349 1459 Gathedra

216 1494 430 1582 pestilentiae,
452 1505 489 1556 ut
508 1493 584 1554 dioit
602 1493 759 1568 Petimus,
788 1503 819 1553 et
838 1513 879 1552 no
898 1493 954 1554 illa
973 1492 1102 1556 venient
1120 1494 1156 1556 in
1175 1495 1347 1576 publicum,

216 1595 300 1681 qnod
322 1594 422 1654 omnis
442 1594 536 1654 homo
551 1592 635 1667 sciat,
658 1593 734 1673 quid
752 1601 837 1654 retro
855 1613 911 1653 voe
925 1603 977 1652 est.
1019 1593 1080 1654 Sed
1090 1593 1132 1654 ed
1146 1613 1252 1655 omnes
1270 1598 1350 1657 Sen-

216 1709 279 1759 ctos
300 1694 380 1756 mihi
399 1691 510 1754 incidit
527 1710 590 1753 nne
611 1691 820 1773 scrupulttio‚
865 1701 895 1752 et
915 1692 1028 1768 timeo,
1070 1694 1153 1774 quod
1178 1695 1348 1774 lmpressor

214 1795 336 1860 furavit
349 1791 435 1880 ‘mihi
455 1811 550 1852 unam
569 1791 689 1872 oopiom
709 1790 749 1850 do
764 1791 919 1872 Epistola,
941 1803 972 1851 et
990 1792 1017 1850 si
1037 1791 1082 1852 sio
1105 1803 1172 1868 est,
1200 1806 1276 1855 tunc
1296 1795 1348 1875 ju-

215 1907 269 1959 vet
288 1893 376 1956 vobis
390 1893 496 1966 Dens,
516 1899 592 1952 tuno
612 1910 668 1971 ego
690 1910 754 1950 non
775 1909 899 1971 possum
915 1891 1071 1966 resistere,
1091 1893 1146 1953 sed
1165 1902 1269 1953 temen
1290 1914 1346 1974 ego

214 1997 289 2058 volo
309 1990 398 2055 vobis
420 1991 536 2051 bonum
558 1990 722 2051 eonsilium
744 1989 827 2051 dare.
869 1991 965 2050 Orate
986 1991 1087 2052 solum
1108 2001 1175 2052 octo
1190 1992 1256 2053 dies
1271 2014 1347 2055 oon-

214 2095 304 2156 tinue
322 2090 412 2152 flexis
433 2090 586 2171 genubus,
623 2099 654 2150 et
681 2090 823 2151 invocate
860 2088 982 2169 jejunus
1014 2091 1155 2154 Sanctam
1181 2094 1346 2180 Helenam,
1428 2119 1429 2122 ¹

214 2215 293 2277 quoe
312 2190 434 2254 invenit
454 2190 587 2251 Crucem
605 2188 737 2250 Domini
758 2187 857 2258 nostri
878 2191 949 2250 Iesu
964 2188 1098 2259 Christi,
1132 2201 1208 2253 tuno
1228 2192 1344 2254 iterum

214 2314 268 2356 ero
287 2289 431 2353 invenire
450 2289 537 2351 illem
550 2287 728 2370 Epistolam.
792 2290 884 2349 'l'uno
905 2308 960 2349 vos
980 2289 1094 2350 iterum
1114 2277 1194 2351 bein
1218 2291 1345 2352 stabitis.

212 2393 294 2455 Ecce
324 2390 429 2453 videte
436 2431 446 2464 ,
486 2388 571 2471 qnod
600 2387 657 2448 illo
686 2386 791 2449 omnis
819 2388 901 2449 facio
928 2388 1014 2449 vobis
1043 2409 1084 2449 ex
1108 2389 1255 2452 charitate
1276 2392 1344 2451 fra·
1427 2455 1428 2482 ,

124 2515 131 2524 ·
212 2505 302 2557 terna
314 2533 324 2566 ,
365 2488 446 2550 sient
477 2507 591 2548 omnes.
614 2507 719 2548 sumus
754 2488 884 2559 fratres,
925 2499 958 2550 et
990 2489 1095 2550 omnia
1127 2489 1209 2551 isoio
1243 2492 1344 2566 vobis,

212 2592 297 2675 quod
338 2589 431 2650 etiam
469 2586 612 2650 homines
654 2595 761 2648 tenent
801 2586 920 2668 oliqnid
966 2588 1006 2650 do
1046 2589 1145 2652 vobis.
1222 2589 1344 2650 Valete.

211 2694 262 2754 Ex
281 2689 489 2770 Heidelberg·
514 2685 599 2770 opud
625 2687 847 2748 claudicantem
868 2687 1032 2768 Lipsium,
1074 2689 1129 2771 qui
1149 2688 1224 2751 sinit
1242 2710 1342 2750 unum

211 2787 269 2853 sibi
289 2810 359 2851 com
380 2809 454 2849 naso
471 2787 508 2850 in
529 2787 633 2848 culum
653 2805 789 2846 currere.
851 2788 881 2847 0
902 2787 1021 2850 utinm
1048 2808 1105 2852 vos
1125 2789 1217 2850 etiam
1238 2791 1342 2850 essetis

212 2911 285 2951 oum
304 2889 376 2964 illo,
407 2896 481 2948 tunc
500 2907 564 2948 non
587 2902 664 2967 opus
686 2896 764 2945 esset
784 2885 872 2947 vobio
898 2886 1062 2971 disponere
1082 2909 1182 2952 unum
1202 2889 1341 2952 britium.

211 2988 296 3068 Quis
316 2986 378 3070 ipsi
399 2985 522 3065 dicunt,
555 2985 640 3068 quod
659 2985 754 3067 gratis
772 2987 981 3050 accommodet
1000 2987 1068 3050 uni.

673 3219 874 3285 FINIS.
