2866 4724
134 293 251 375 ¹stro
345 353 348 364 ,
549 244 951 360 ΕΡιεΪΤοιΑιι

192 455 283 532 Mag.
308 451 403 530 Ging.
424 415 577 512 Domiuui
598 449 650 510 det
669 449 755 510 vobis
776 459 822 510 tot
841 447 968 522 salutes,
989 457 1074 532 ¹quot
1092 454 1164 506 sunt
1184 443 1325 522 Alleluja

192 551 273 610 inter
294 550 410 611 Pascha
432 559 463 610 et
484 533 684 609 Pentecostes.
734 553 825 627 Mag.
841 547 906 606 Ort.
968 545 1140 625 Quoniam,
1160 545 1322 625 quoniam,

193 647 482 728 quoniamquidem
506 646 647 706 homines
669 667 791 727 semper
811 647 922 706 volunt
948 646 1027 707 scire
1054 647 1170 724 aliquas
1198 642 1326 702 novita-

192 757 238 806 tes
247 769 269 820 ,ι
299 765 372 825 ergo
393 745 462 804 ideo
484 745 589 824 igitur,
611 745 691 823 Mag.
715 744 875 825 Lupolde,
904 745 1022 804 Doctor
1050 741 1324 808 illuminatissime,

194 817 301 904 tiicatis
322 841 427 917 nobis,
468 843 495 904 si
517 843 636 922 placet,
681 843 707 902 si
729 863 783 902 vos
805 842 928 902 noscitis
952 842 1069 922 aliquid
1089 843 1172 902 novi.
1229 844 1325 919 Mag.

196 944 276 1019 L'np.
298 943 399 1011 Certe,
421 940 606 1000 zelosissime
627 941 775 1020 Magister
796 951 899 1000 noster
921 941 1070 1013 Ortuine,
1093 960 1146 1018 ego
1168 940 1249 1000 nihil
1265 961 1324 1000 au-

194 1041 260 1104 divi
291 1044 375 1100 novi.
434 1043 524 1120 Mag.
546 1039 612 1100 Ort.
674 1040 714 1100 Et
741 1061 812 1112 vos,
845 1039 1076 1100 viscerosissime
1097 1040 1244 1119 Magister
1264 1059 1326 1097 no-

195 1151 257 1201 ster
278 1137 478 1219 Gingolphei
539 1139 735 1217 Mog.Ging.
776 1137 867 1198 Certe
887 1157 945 1198 nec
966 1159 1021 1218 ego
1044 1139 1153 1214 etiam,
1197 1139 1241 1198 Μ.
1264 1157 1326 1196 no-

194 1251 257 1300 ster
280 1239 428 1311 Ortuine,
454 1237 522 1296 nisi
543 1251 636 1297 unam
658 1238 844 1309 novitatem,
879 1235 933 1294 setl
955 1254 1009 1316 ego
1033 1239 1141 1312 oredo,
1163 1238 1245 1318 quod
1264 1228 1324 1296 ¹vos

196 1341 275 1400 bene
295 1339 387 1398 saitis.
447 1338 538 1414 Mag.
565 1334 632 1394 Ort.
693 1336 743 1394 De
765 1355 826 1411 quo
848 1344 893 1394 est
914 1335 969 1394 illa
989 1339 1129 1398 novitas?
1158 1337 1322 1415 MGing.
1423 1335 1424 1344 ’

147 1499 149 1506 ,
197 1441 245 1499 De
267 1436 447 1518 quibusdam
467 1435 625 1507 Ribaldis,
657 1433 711 1512 qui
728 1437 796 1493 ‘non
818 1435 920 1494 sciunt
941 1435 1001 1494 uisi
1022 1437 1124 1496 facere
1146 1458 1271 1518 guerras
1292 1447 1332 1494 et·

196 1537 345 1597 disturbia
366 1537 400 1595 in
415 1544 478 1593 tota
493 1533 642 1609 Ecclesia3
664 1533 802 1593 diabolus
822 1533 917 1612 possit
930 1556 980 1594 eos
998 1537 1164 1617 importare
1186 1557 1243 1616 per
1260 1545 1324 1594 ter-

195 1656 244 1696 ras
266 1645 296 1695 et
316 1654 373 1714 per
398 1633 514 1692 maria!
564 1635 613 1693 M.
635 1631 700 1690 Ort.
761 1633 828 1705 Ha,
864 1652 920 1713 ego
941 1635 1119 1707 benessio,
1152 1636 1323 1714 dequibus

195 1727 250 1796 voi
270 1732 365 1808 vultis
384 1731 496 1792 dicere.
536 1733 584 1789 M.
613 1731 707 1810 (sing.
741 1732 782 1792 Et
811 1732 992 1813 dequibus,
1023 1735 1168 1815 Magister
1195 1735 1324 1796 noster?

196 1836 243 1897 M
263 1831 329 1893 Ort.
389 1830 440 1907 De
462 1831 518 1890 illo
549 1847 651 1908 grosso
676 1830 790 1890 infami
818 1833 961 1908 Erasmo,
998 1835 1119 1894 fautore
1147 1833 1324 1902 Reuchliui.

196 1936 287 2012 Mag.
302 1932 395 2011 Ging.
422 1931 472 1989 De
491 1929 590 1989 facto!
612 1949 667 1988 vos
689 1929 904 2006 benedicitis,
926 1933 1074 2012 Magister
1096 1945 1210 1996 noster.
1234 1938 1324 2014 Mag.

200 2031 266 2094 Ort.
334 2032 394 2096 Per
423 2029 525 2091 Deum
560 2037 714 2101 sanctum,
753 2029 806 2089 vel
831 2031 901 2110 per‘
916 2051 1020 2091 omnes
1047 2034 1130 2092 Deos
1157 2035 1323 2112 loquendo,

165 2130 172 2140 “
198 2131 277 2190 bene
299 2139 377 2188 esset
392 2127 526 2202 factum,
551 2125 590 2185 'si
610 2125 870 2188 illuminatissima
890 2130 1078 2210 Theologiae
1100 2135 1238 2193 Facultas
1259 2134 1326 2194 avi·

142 2305 144 2315 A
198 2241 295 2308 naret,
317 2228 392 2309 quid
413 2236 534 2307 oportet
557 2225 660 2284 iacere
679 2227 719 2315 'de
738 2227 803 2287 illis
823 2229 1012 2292 rabientibus
1032 2233 1246 2296 trufatoribus.
1278 2237 1324 2294 Μ

163 2369 166 2379 .
200 2332 282 2406 Lup.
316 2327 450 2388 Videtur
486 2326 545 2397 ais,
589 2325 734 2406 quoniam
767 2326 827 2407 ipsi
860 2329 960 2405 sciunt
980 2331 1134 2392 modicum
1155 2333 1324 2412 latinizare,

200 2429 283 2511 quod
302 2447 393 2491 nemo
417 2435 461 2486 est
482 2425 591 2505 dignus
621 2443 672 2503 eos
699 2426 852 2507 aspicere,
890 2449 990 2507 neque
1016 2433 1136 2492 solvere
1161 2413 1325 2514 corrigiam

165 2538 167 2542 ’
201 2526 393 2591 calciamenti
415 2545 531 2584 eorum.
588 2527 637 2588 M,
656 2525 752 2605 Ging.
812 2525 875 2606 ipsi
897 2527 1017 2614 faciunt
1037 2531 1177 2592 miranda
1196 2533 1326 2595 dicendo

98 2635 106 2646 '
199 2647 301 2708 grossa
319 2625 424 2690 rerba.
487 2627 535 2686 M.
551 2621 618 2682 Ort.
697 2620 761 2705 ipsi
780 2616 897 2688 raduni
915 2649 973 2709 per
991 2631 1108 2711 plateas
1126 2633 1257 2710 armati,
1284 2635 1327 2694 si·

201 2737 252 2786 cut
271 2723 422 2785 buffones.
450 2725 551 2802 Mag.
568 2723 650 2799 zap.
688 2723 815 2784 Vadunt
834 2746 891 2806 per
918 2727 1002 2790 vicos
1024 2731 1140 2802 inflati,
1166 2733 1248 2810 sicut
1271 2755 1327 2814 pa·

200 2844 302 2885 sones.
344 2819 393 2885 M·
408 2823 500 2920 Ging.
520 2819 582 2903 Ipsi
602 2821 754 2902 aspiciunt
774 2845 807 2883 se
827 2824 866 2886 de
886 2840 1018 2910 utroque
1036 2816 1141 2892 latere.
1183 2833 1255 2910 Sed,
1279 2835 1327 2894 vi-

201 2922 404 2987 scerosissime
423 2923 570 3004 Magister
590 2931 708 2998 noster,
731 2924 855 2992 creditis
865 2970 875 3006 ,
902 2929 985 3011 quod
1005 2931 1065 3012 ipsi
1086 2931 1188 2993 sciunt
1209 2934 1328 3019 aliquid

204 3113 411 3132 m

482 3205 534 3256 EX
557 3207 791 3263 OBSCVRORVM
815 3211 974 3266 vmouvrt
996 3213 1053 3268 SA-

413 3286 483 3343 libus
499 3290 635 3344 cribratus
649 3293 794 3362 Dialogus,
812 3311 867 3348 non
886 3297 971 3348 minus
990 3299 1122 3350 eruditio·

411 3373 453 3429 uis
462 3387 489 3446 qt
505 3377 687 3450 macarouioes
701 3379 981 3453 amplectens:1nquo
995 3381 1119 3436 introdu·
1149 3399 1152 3406 ’

451 3469 546 3514 ouutur
562 3461 736 3514 colonienses
752 3464 886 3534 Theologi
903 3475 974 3531 tres,
994 3467 1085 3520 Ortui-

496 3559 564 3612 aus,
586 3545 773 3617 Gingolphus,
786 3549 941 3618 Lupuldus,
957 3549 1043 3618 Tres,

630 3632 697 3684 item
717 3633 837 3686 celebres
854 3633 905 3688 riri

627 3716 743 3770 loannes
762 3717 908 3784 flenehlia,

664 3803 730 3858 nn.
748 3805 879 3857 Erasmus

648 3884 766 3938 lacobus
791 3886 889 3944 Faber·

446 3965 488 4018 De
501 3965 580 4018 rebus
596 3983 612 4022 a
631 3985 660 4022 aa
674 3979 797 4024 recenter
809 3971 889 4024 fastis
904 3971 1097 4046 disseptantas.

412 4059 421 4068 “
510 4051 591 4119 Apud
607 4054 767 4126 antipodas.
793 4057 858 4108 (ium
875 4057 1028 4128 privilegio.

208 4127 251 4180 Sia
272 4128 408 4194 galliani
422 4131 475 4194 ,der
495 4134 570 4190 1steu
582 4137 657 4190 Seite
681 4139 729 4190 des
753 4137 830 4192 12ten
843 4138 942 4196 Blattes
960 4145 1031 4196 ohne
1052 4143 1276 4214 Sohlussanzeige
1302 4157 1333 4192 zu

211 4209 282 4263 Euda
302 4210 357 4267 aad
369 4213 405 4268 ist
417 4215 484 4273 tat.
507 4218 645 4290 gedruokt.
662 4222 714 4278 Bia
725 4223 844 4298 Exempl.
857 4225 943 4282 daron
953 4229 1072 4285 bsfindet
1087 4229 1145 4283 sich
1159 4245 1192 4280 au
1204 4227 1315 4283 Ziirioh.
