2872 4722
81 315 83 326 ’
163 348 272 414 ι1οο
480 377 483 382 -
572 346 972 414 nrssronsu

207 505 388 596 praevalere
408 525 514 568 omnes
535 503 733 586 Theologos?
772 507 838 589 Ego
862 506 970 583 credo,
992 508 1076 589 quod
1097 509 1182 592 Pepe
1207 522 1335 574 nonest

206 610 307 670 bonus
325 606 534 679 Christianus,
562 603 634 684 qui,
661 605 689 666 si
710 615 788 668 esset
806 607 905 684 bonus
926 606 1135 684 Christianus,
1162 617 1237 670 tunc
1256 612 1336 670 esset

205 693 399 789 impossible,
432 703 515 785 qnod
541 723 606 765 non
632 714 753 766 teneret
781 719 852 766 cum
873 705 1049 790 Theologis.
1073 723 1075 728 '
1111 708 1173 768 Sed
1193 709 1336 770 etiamsi

206 808 291 888 Papa
312 806 364 865 det
384 802 567 864 sententiam
589 813 696 865 contra
716 804 908 884 Theologos,
922 815 1004 868 suno
1023 805 1164 882 videtur,
1182 809 1268 888 qnod
1280 807 1336 867 de·

204 908 258 969 bet
287 903 357 965 fieri
382 903 547 985 appellatio
572 902 612 963 ad
639 903 831 966 Concilium:
869 902 943 985 quia
970 905 1144 968 Concilium
1172 916 1217 967 est
1240 926 1336 989 snpra
1428 943 1429 978 3

205 988 336 1086 Papam,
377 1012 408 1063 et
436 1002 471 1062 in
492 1002 635 1063 Concilio
655 1004 808 1087 Theologi
835 1004 950 1068 habent
979 1004 1222 1088 praevalentium
1241 1025 1336 1087 super
1428 991 1429 1068 s

204 1106 281 1166 alias
301 1102 482 1163 Facultates.
534 1103 627 1163 Tunc
645 1122 752 1182 spero,
782 1105 864 1186 qnod
884 1103 1040 1166 Dominus
1060 1104 1144 1166 dabit
1162 1103 1336 1186 benignita-

204 1215 288 1279 tem,
327 1212 358 1264 et
383 1200 529 1283 respiciet
554 1201 689 1263 famulos
709 1223 780 1263 snos
807 1203 998 1287 Theologos,
1034 1215 1065 1266 et
1084 1223 1147 1264 non
1167 1202 1336 1285 permittet,
1428 1223 1429 1228 ¹

204 1303 289 1386 quod
308 1300 454 1362 iuimicus
472 1310 577 1362 noster
596 1303 819 1382 supergaudent
839 1325 913 1380 nos,
945 1314 977 1367 et
996 1303 1082 1365 dabit
1099 1303 1187 1364 nobis
1205 1304 1335 1384 gratiam
1428 1377 1429 1380 Ἴ

204 1401 341 1484 Spiritus
360 1399 476 1474 suncti,
515 1401 598 1480 quod
617 1421 682 1461 non
701 1421 862 1482 possumus
882 1425 1008 1485 sperare
1032 1401 1236 1464 fellimonism
1259 1402 1335 1462 isto-
1428 1463 1429 1470 χ

203 1521 275 1566 unm
296 1497 532 1561 haereticorum.
575 1499 711 1579 Quidam
740 1501 854 1563 Jnrirta
876 1522 979 1585 nuper
999 1501 1080 1564 dixit
1099 1501 1163 1576 hie,
1182 1499 1266 1584 quod
1290 1511 1335 1562 est
1428 1573 1429 1584 χ

203 1602 353 1673 fetatum,
391 1596 475 1677 quod
494 1597 581 1659 Ordo
598 1599 852 1662 Praedicatorum
872 1602 963 1665 debet
981 1602 1105 1684 perire,
1139 1610 1171 1660 et
1191 1599 1275 1680 quod
1294 1621 1335 1660 ex

202 1701 260 1762 illo
282 1697 393 1760 ordine
421 1697 535 1758 debent
560 1697 670 1764 venire
690 1700 827 1761 maxima
853 1702 997 1764 scsndele
1024 1701 1059 1763 in
1085 1699 1179 1760 fidem
1207 1697 1334 1774 Christi,

202 1799 283 1864 sicut
304 1817 370 1860 non
389 1796 494 1857 audite
513 1807 587 1859 snut
605 1798 711 1878 prins:
754 1810 785 1862 et
804 1801 895 1877 dixit,
916 1801 972 1864 ubi
993 1801 1071 1883 legit
1090 1799 1178 1880 illam
1197 1799 1336 1880 prophe-

201 1900 288 1962 tiam.
329 1897 391 1958 Sed
411 1897 489 1959 absit
507 1898 592 1977 qnod
612 1897 672 1957 hoo
692 1898 733 1960 sit
752 1920 872 1963 rerum.
932 1899 1017 1980 Quia
1033 1899 1090 1961 illo
1109 1899 1184 1960 ordo
1205 1908 1252 1959 est
1271 1898 1336 1959 nti·
1428 1929 1429 1950 1

201 1999 259 2075 lis,
293 2005 325 2058 et
343 1995 371 2057 si
392 1996 447 2058 ills
466 1995 543 2057 ordo
570 2015 636 2057 uon
664 2009 760 2068 esset,
799 2009 874 2062 tnnc
901 2000 1023 2076 neseio,
1060 1999 1215 2082 quomodo
1241 2005 1335 2060 steret

202 2097 392 2178 Theologis,
434 2095 508 2176 quia
538 2115 662 2177 semper
691 2099 922 2161 Praedicatores
953 2109 1026 2161 sunt
1054 2098 1275 2182 profundiores
1300 2095 1335 2155 in

202 2196 396 2277 Theologia,
431 2214 523 2275 quem
543 2196 684 2259 Minores
704 2198 757 2259 vel
778 2199 1045 2280 Angustinenses,
1074 2209 1105 2258 et
1124 2206 1231 2259 tenent
1251 2195 1335 2257 viam

201 2296 349 2359 Doctoris
376 2294 489 2370 sancti,
525 2294 581 2376 qni
606 2306 709 2357 tamen
729 2317 889 2379 nunquam
910 2293 1036 2362 edravit.
1098 2299 1139 2360 Et
1159 2295 1220 2378 ipsi
1242 2295 1335 2355 etiam

201 2397 380 2462 habuerunt
399 2393 513 2454 multos
535 2405 653 2457 sanctos
680 2397 715 2457 in
743 2417 800 2479 sno
827 2399 953 2475 ordine,
1001 2408 1032 2460 st
1059 2407 1132 2460 snut
1150 2396 1280 2466 audaces
1300 2393 1335 2452 in

101 2564 103 2572 s
202 2494 410 2579 disputatione
429 2505 536 2556 eontra
553 2493 732 2558 haereticos.
771 2500 837 2579 Ego
858 2499 970 2574 miror,
992 2517 1089 2580 qnare
1108 2495 1258 2578 Magister
1276 2511 1335 2554 no-

201 2606 265 2657 ster
284 2595 413 2670 lacobus
435 2593 474 2652 de
494 2595 678 2674 Hogstraten
698 2617 762 2660 nou
783 2608 884 2678 potest
904 2597 1009 2680 jurare
1030 2604 1258 2679 paupertatem,
1287 2602 1335 2653 te-

200 2693 340 2757 mene'st
358 2691 394 2752 in
415 2692 536 2753 Ordine
556 2695 822 2772 Mendioantium,
863 2698 918 2780 qui
940 2695 1103 2764 manifeste
1123 2703 1194 2755 sunt
1214 2711 1335 2774 paupe-

176 2813 260 2874 sres.
322 2789 358 2850 Si
375 2809 439 2852 non
458 2791 602 2853 timerem
623 2798 991 2872 excommunicationem,
1020 2815 1076 2876 ego
1096 2794 1210 2856 vellem
1229 2791 1334 2867 dicere

148 2959 151 2966 Α
202 2889 285 2972 quod
307 2890 391 2968 Papa
412 2901 529 2951 erraret
547 2891 612 2952 ibi:
646 2903 678 2954 et
697 2897 761 2955 non
784 2897 894 2970 credo,
937 2895 1021 2977 quod
1048 2895 1108 2955 hoc
1137 2904 1182 2954 est
1212 2911 1332 2968 verum,

201 2989 286 3071 quod
304 2988 371 3067 ipse
393 2989 540 3067 exposuit
568 2991 613 3051 sic
640 2993 804 3074 pecunius,
840 3005 870 3054 et
891 2994 976 3054 dedit
995 2994 1159 3076 propinas,
1197 2991 1334 3072 quisset

200 3089 255 3150 vir
270 3087 363 3150 valde
373 3151 375 3154 ,
385 3085 521 3148 zelosus:
543 3099 574 3150 et
589 3091 692 3166 oredo,
712 3095 795 3173 qnod
816 3094 869 3154 isti
887 3094 1019 3155 luristuc
1031 3103 1062 3154 et
1081 3093 1136 3154 alii
1151 3091 1273 3171 fingunt
1286 3100 1333 3150 ts-

201 3285 287 3362 divi,
324 3285 408 3366 qnod
428 3287 543 3348 multae
565 3287 730 3367 Ciuitates,
771 3303 802 3354 et
822 3293 914 3354 multi
933 3291 1108 3373 Principes,
1147 3309 1183 3350 ac
1203 3287 1333 3351 Domini

201 3386 392 3468 scripserunt
410 3406 469 3467 pro
491 3407 538 3447 eo.
600 3389 641 3450 Et
660 3400 705 3450 est
724 3392 822 3461 ratio,
843 3394 916 3474 quia
936 3411 1000 3452 non
1014 3401 1087 3452 sunt
1105 3391 1140 3452 in
1161 3388 1333 3469 Theologis

200 3485 362 3559 instructi,
398 3495 429 3545 et
448 3507 512 3548 non
533 3487 714 3570 intelligunt
734 3492 868 3566 factum,
899 3491 975 3551 alias
1005 3490 1222 3571 permitterent
1238 3489 1332 3550 istum

199 3583 392 3645 haereticum
412 3582 527 3648 lubere
548 3587 721 3662 diabolum,
761 3591 903 3669 quisset
929 3588 1169 3663 contrefidem,
1213 3586 1333 3648 etiamsi

201 3692 284 3745 sotus
303 3684 437 3744 mundus
458 3686 574 3746 diceret
594 3688 791 3748 eontrarium.
833 3691 898 3752 Vos
919 3688 1036 3749 debetis
1057 3688 1115 3748 ista
1136 3687 1238 3750 statim
1265 3706 1336 3746 ma·

200 3782 350 3843 uifestare
366 3783 522 3864 Magistris
542 3787 655 3848 nostris
675 3788 710 3848 in
730 3789 877 3870 Colonia,
898 3789 981 3870 quod
1001 3790 1103 3849 sciunt
1129 3788 1238 3870 cipere
1257 3805 1333 3847 eon-

200 3881 316 3944 silium.
356 3883 397 3943 Et
415 3885 516 3952 valete
537 3885 571 3944 in
593 3885 726 3948 Christo.
766 3891 882 3950 Datum
902 3889 938 3951 in
958 3889 1111 3972 Tubingu·
1152 3915 1153 3922 ¹

209 4091 215 4104 .
237 4117 242 4127 ,
283 4049 332 4108 Μ.
352 4046 512 4108 onradus
532 4048 570 4108 as
588 4053 780 4130 messana,
803 4055 835 4114 c.
852 4056 896 4116 n.
908 4057 957 4118 M.
980 4056 1114 4117 Ortnino
1130 4035 1251 4116 oraru.

286 4181 373 4282 Sicut
392 4182 554 4263 scripsistis
574 4186 673 4263 mihi,
720 4191 803 4270 quod
823 4210 888 4252 non
907 4189 1041 4272 amplius
1060 4191 1174 4253 curetis
1192 4190 1264 4251 illes
1283 4187 1333 4249 le·

201 4277 327 4355 vitatos,
349 4290 380 4341 et
398 4299 464 4341 non
484 4283 617 4364 amplius
635 4289 731 4351 vultis
752 4309 856 4352 amare
881 4291 1043 4367 mulieres,
1071 4293 1123 4355 rel
1142 4301 1337 4372 supponere,

535 4477 541 4510 l
1295 4477 1302 4510 Ι
