2896 4716
82 330 87 380 ζ
196 317 260 386 192
553 315 953 386 susianen-sn

195 475 343 540 Brixiam.
382 473 424 536 llt
442 471 522 536 dixit
541 468 642 535 sociob
661 493 764 539 meas:
794 473 849 538 hio
867 485 958 538 natus
979 471 1042 541 ioit
1061 469 1233 555 Virgilium
1257 474 1325 536 lle·

194 576 324 660 spondi,
342 573 418 656 quid
439 593 515 634 caro
537 572 628 634 illum
643 575 831 656 pagenam).
864 571 927 638 Nos
948 576 1091 636 volumus
1113 573 1162 634 ire
1181 574 1325 636 ads-esr-

196 674 331 748 melitaa,
367 684 399 732 at
420 649 540 733 viderc⁰
553 672 720 753 Baptistam
741 675 967 746 Mantuanum,
1007 673 1061 754 qui
1086 671 1122 732 in
1148 672 1246 754 duplo
1278 683 1325 753 est

195 773 318 847 melior,
339 791 431 852 quam
444 770 611 851 Virgilius,
633 773 714 833 siout
735 791 792 855 ego
811 774 919 836 audivi
939 773 1018 832 bene
1032 771 1133 833 decies
1152 773 1191 831 ab
1212 771 1326 832 Ortui·

63 911 65 918 ·
194 893 256 949 uo,
277 881 308 932 et
328 871 396 932 dixi
416 869 465 930 ei:
483 869 639 950 quomodo
659 873 756 932 semel
774 871 1016 953 reprehendistis
1035 872 1203 944 Donatum,
1225 888 1326 950 quan-

194 973 235 1035 do
256 969 346 1033 dicit:
368 969 560 1031 doctissimus
579 970 744 1032 Poetarum
765 971 830 1033 fuit
850 971 1019 1052 Virgilius,
1040 969 1238 1048 vel'optimus
1255 968 1325 1049 ple-

133 1125 136 1129 ,
193 1073 257 1147 bis,
295 1078 326 1130 et
345 1067 482 1130 dixistis:
515 1067 570 1128 sed
588 1077 665 1129 esset
683 1071 825 1131 Donatus
844 1070 912 1142 hic,
950 1089 1007 1148 ego
1027 1067 1142 1130 vellem
1170 1067 1201 1126 oi
1220 1069 1254 1128 in
1274 1067 1326 1127 ia-

108 1183 112 1188 '
195 1170 274 1232 ciem
294 1168 413 1242 dicere,
445 1165 529 1248 quod
550 1167 715 1228 mentitura
752 1167 823 1249 quis
844 1169 980 1250 Baptista
998 1169 1186 1228 Mantuanus
1205 1175 1252 1226 eat
1270 1185 1326 1226 aa·

194 1288 252 1352 per
272 1263 451 1348 Virgilium.
511 1265 552 1326 Et
573 1267 695 1345 quaudo
715 1267 859 1328 amimae
881 1269 920 1329 sd
942 1268 1117 1328 Oleastrum
1140 1265 1326 1326 carmelita·
1410 1267 1413 1276 '

194 1389 284 1441 rum,
319 1365 478 1426 dicebatur
494 1363 597 1432 nobis,
625 1365 707 1445 quod
737 1365 872 1446 baptista
891 1367 1079 1430 Mantuanus
1101 1376 1147 1425 est
1166 1375 1325 1424 mortuone

192 1477 268 1530 tuno
295 1463 380 1525 dixis
420 1462 604 1542 Requiescat
629 1463 665 1524 in
688 1483 775 1544 pace.
835 1465 959 1526 Deinde
989 1465 1133 1525 venimus
1159 1463 1198 1524 ad
1218 1465 1326 1522 Bono·

192 1567 296 1640 niam,
322 1562 377 1624 ubi
398 1560 462 1622 tuit
479 1556 710 1638 SanctisAnus,
739 1571 770 1624 et
792 1563 884 1625 etiam
906 1564 977 1624 Rex
998 1563 1156 1624 Franciae.
1195 1562 1244 1623 lbi
1266 1581 1325 1623 au-

193 1665 330 1730 divimus
355 1659 486 1722 Missam
511 1660 674 1741 Papalem,
712 1673 745 1722 et
772 1663 946 1745 accepimus
973 1661 1085 1722 multas
1116 1660 1324 1742 indulgentias

192 1785 253 1850 pro
277 1758 422 1821 omnibus
439 1759 588 1839 peccatis,
618 1768 682 1820 tam
701 1761 986 1840 venialibus-quam
1008 1760 1206 1836 mortalibus,
1228 1769 1258 1821 et
1271 1760 1324 1820 fc-

98 1871 101 1876 '
193 1865 291 1926 cimus
311 1857 546 1920 confessionem.
595 1858 687 1919 Tune
706 1859 769 1920 fuit
788 1858 834 1920 ibi
853 1859 1055 1922 Reverendus
1075 1860 1185 1934 Pater,
1215 1859 1325 1921 Frater

191 1946 320 2027 Iacobus
340 1957 380 2018 dc
399 1957 603 2037 Hogotsuten,
623 1955 771 2036 Magister
789 1966 909 2032 noster,
948 1968 979 2019 et
999 1957 1168 2040 inquisitor
1188 1956 1325 2018 haereti·

192 2083 247 2124 eac
266 2055 444 2142 pravitatis,
466 2065 497 2114 et
516 2075 572 2136 ego
593 2054 703 2117 videns
724 2075 815 2129 eum,
845 2056 932 2118 dixi:
974 2057 1005 2118 Ο
1018 2059 1109 2119 Pater
1129 2057 1322 2130 Reverendo,

191 2159 270 2244 quid
286 2154 584 2216 excellentiorem
603 2153 679 2214 facit
697 2152 770 2213 hicl
793 2173 848 2236 ego
868 2157 985 2237 putavi,
1000 2156 1083 2237 quod
1098 2156 1168 2216 estis
1181 2155 1323 2215 Romae?
1446 2233 1447 2238 η

192 2261 284 2322 Tunc
303 2252 377 2316 dedi
405 2252 435 2314 ci
456 2251 561 2312 literas
581 2263 714 2326 vestras,
747 2263 778 2312 et
798 2253 903 2315 literas
925 2254 1068 2335 Magistri
1086 2253 1185 2316 nostri
1205 2255 1324 2315 Amol-

145 2395 148 2412 ι
192 2358 226 2422 di
247 2357 287 2417 de
306 2351 475 2432 Tangeris:
494 2360 568 2411 tunc
587 2350 747 2433 respondit
768 2352 866 2427 mihi,
886 2353 971 2434 quod
990 2354 1060 2414 vult
1078 2352 1246 2434 impetrare
1263 2372 1324 2434 per

190 2459 310 2538 Regem
327 2450 495 2525 Francius,
516 2450 599 2531 quod
620 2449 777 2512 Reuchlin
799 2450 889 2512 debet
909 2452 1061 2518 declarari
1079 2451 1271 2525 haereticus,
1292 2463 1324 2510 et

192 2554 361 2638 Speculum
381 2551 506 2610 oculare
520 2550 610 2610 debet
630 2549 784 2612 comburi.
825 2549 1016 2631 interrogavi
1036 2561 1139 2612 autem
1159 2571 1245 2611 eum:
1267 2549 1323 2609 ln-

191 2654 305 2735 telligit
323 2661 398 2712 tunc
418 2648 511 2710 etiam
525 2650 596 2709 Rex
616 2649 706 2708 istam
726 2647 906 2710 mauriani
946 2649 1133 2731 Respondits
1152 2649 1243 2710 Licet
1255 2649 1323 2729 ipse

192 2773 257 2816 non
277 2748 424 2830 intelligit
442 2767 500 2829 per
520 2762 572 2822 aa,
597 2750 717 2808 'tamen
737 2747 890 2829 Theologi
917 2746 952 2808 in
979 2747 1137 2808 Parrhisia
1161 2747 1323 2809 mauors·

191 2861 267 2914 nant
286 2868 367 2910 eum.
428 2845 469 2907 Et
487 2845 654 2907 Confessus
674 2867 747 2908 suna
769 2846 961 2911 Wilhelnnas
982 2847 1091 2920 Parvi,
1124 2845 1180 2926 qui
1201 2855 1248 2907 est
1270 2847 1322 2909 vir

191 2952 325 3020 zelosus,
363 2945 443 3007 dixit
464 2945 495 3005 ei
512 2945 547 3005 in
567 2945 776 3021 confessione,
809 2944 893 3026 quod
913 2965 976 3005 non
997 2945 1157 3006 vulteum
1180 2945 1323 3008 absolve*

191 3067 246 3122 re,
271 3045 344 3126 'nisi
368 3044 567 3128 vult-facere
594 3063 665 3105 cum
685 3045 784 3125 Papa,
827 3043 910 3123 quod
930 3041 1086 3103 Reuchlin
1113 3043 1322 3106 declarabitur

191 3145 380 3232 haereticus:
425 3142 468 3202 Et
496 3143 617 3223 gavisus
645 3164 713 3204 sum
740 3142 849 3216 valde,
887 3152 919 3200 et
946 3140 1027 3201 dixi:
1072 3143 1136 3203 Det
1164 3143 1322 3204 Dominus

191 3245 295 3318 Deus,
331 3242 414 3322 quod
433 3241 487 3303 liat
505 3241 675 3330 secundum
698 3240 790 3301 acrba
811 3249 921 3303 vestra.
981 3240 1023 3300 Et
1041 3237 1150 3302 inveni
1169 3242 1214 3303 ibi
1233 3244 1323 3304 mul-

191 3353 239 3404 tus
259 3340 436 3402 Curtisanos
456 3340 535 3400 mihi
554 3351 657 3417 notos,
679 3349 709 3400 et
728 3337 861 3400 invitavi
884 3358 935 3398 eos
955 3337 996 3399 ad
1014 3335 1192 3420 hospitium.
1217 3342 1322 3403 Dein-

191 3441 231 3502 de
244 3440 358 3501 ivimus
377 3440 416 3500 ad
436 3440 646 3514 Florentiam,
684 3457 763 3518 quae
789 3447 835 3498 est
859 3437 904 3496 ita
923 3436 1056 3519 pulchra
1078 3438 1202 3513 civitas,
1237 3441 1322 3502 sicut

191 3541 291 3601 estin
312 3538 435 3600 mundo.
475 3539 516 3599 Et
534 3547 639 3618 postea
659 3537 788 3610 Senam,
809 3534 865 3596 abi
885 3545 931 3596 est
952 3535 1154 3612 Universitas,
1174 3537 1322 3602 sedeunt

179 3637 284 3720 pauci
305 3635 468 3718 'lheologi
508 3637 619 3697 Postea
638 3644 710 3696 sunt
730 3649 846 3714 parvae
867 3633 1023 3711 civitates,
1057 3645 1088 3696 et
1108 3655 1170 3697 una
1189 3647 1320 3699 vocatur

145 3777 149 3782 =
190 3734 431 3798 Montcfiaacons
494 3733 540 3795 ibi
559 3733 693 3796 bibimus
715 3731 866 3813 optimum
886 3735 1013 3808 vinum,
1051 3736 1142 3815 quale
1164 3755 1227 3797 non
1250 3737 1319 3798 bibi

189 3834 225 3894 in
246 3833 311 3895 vita
332 3853 417 3894 mea:
448 3842 480 3894 et
496 3833 684 3914 interrogavi
704 3831 874 3914 hospitem,
912 3832 1067 3911 quomodo
1087 3845 1216 3898 meatur
1234 3833 1319 3898 illud

190 3932 325 3995 unum?
365 3932 551 4014 Respondit,
573 3933 658 4013 quod
677 3941 723 3994 cst
741 3931 899 4013 lachryme
919 3930 1047 3992 Christi:
1072 3942 1146 3994 tanc
1165 3932 1246 3995 dixit
1264 3953 1319 3994 ao-

190 4031 380 4100 ciusmeuat
425 4031 552 4092 Utinam
570 4031 836 4094 Christus-vallet
864 4023 955 4092 stiam
979 4031 1115 4100 llere'in
1135 4031 1236 4113 patria
1257 4051 1318 4094 no-

190 4132 266 4192 strai
307 4131 347 4190 Et
364 4129 408 4190 aio
422 4129 560 4191 bibimus
581 4132 693 4192 bonam
713 4129 911 4210 positionem,
940 4140 1058 4211 etpost
1079 4131 1155 4192 duos
1176 4131 1241 4194 dies
1262 4132 1316 4194 in-

189 4227 339 4292 travimus
357 4229 498 4290 Romam.
537 4230 699 4294 Laudetos
717 4229 821 4306 Deus,
842 4228 897 4312 qai
915 4228 1059 4306 liberavit
1075 4249 1133 4294 nos
1149 4230 1315 4314 demulsis
