<?xml version="1.0" encoding="UTF-8"?>
<!DOCTYPE html PUBLIC "-//W3C//DTD XHTML 1.0 Transitional//EN"
    "http://www.w3.org/TR/xhtml1/DTD/xhtml1-transitional.dtd">
<html xmlns="http://www.w3.org/1999/xhtml" xml:lang="en" lang="en">
 <head>
  <title>
</title>
<meta http-equiv="Content-Type" content="text/html;charset=utf-8" />
  <meta name='ocr-system' content='tesseract 3.04.00' />
  <meta name='ocr-capabilities' content='ocr_page ocr_carea ocr_par ocr_line ocrx_word'/>
</head>
<body>
  <div class='ocr_page' id='page_1' title='image "./ulrichiabhutten04mngoog_0409.png"; bbox 0 0 2840 4718; ppageno 0'>
   <div class='ocr_carea' id='block_1_1' title="bbox 326 310 1237 394">
    <p class='ocr_par' dir='ltr' id='par_1_1' title="bbox 326 310 1237 394">
     <span class='ocr_line' id='line_1_1' title="bbox 326 310 1237 394; baseline -0.001 0"><span class='ocrx_word' id='word_1_1' title='bbox 326 329 368 394; x_wconf 91' lang='lat' dir='ltr'><strong>v.</strong></span> <span class='ocrx_word' id='word_1_2' title='bbox 406 319 791 394; x_wconf 74' lang='lat' dir='ltr'><strong>mormrmounrs</strong></span> <span class='ocrx_word' id='word_1_3' title='bbox 810 323 993 394; x_wconf 79' lang='lat' dir='ltr'><strong>vnmsm.</strong></span> <span class='ocrx_word' id='word_1_4' title='bbox 1162 310 1237 394; x_wconf 77' lang='lat' dir='ltr'><strong>ooo</strong></span> 
     </span>
    </p>
   </div>
   <div class='ocr_carea' id='block_1_2' title="bbox 90 462 1228 569">
    <p class='ocr_par' dir='ltr' id='par_1_2' title="bbox 90 462 1228 569">
     <span class='ocr_line' id='line_1_2' title="bbox 90 462 1228 569; baseline -0.002 -19"><span class='ocrx_word' id='word_1_5' title='bbox 90 495 166 550; x_wconf 87' lang='lat' dir='ltr'><strong>sunt</strong></span> <span class='ocrx_word' id='word_1_6' title='bbox 184 486 277 550; x_wconf 81' lang='lat' dir='ltr'><strong>etism</strong></span> <span class='ocrx_word' id='word_1_7' title='bbox 296 485 415 569; x_wconf 81' lang='lat' dir='ltr'><strong>judices</strong></span> <span class='ocrx_word' id='word_1_8' title='bbox 436 483 656 566; x_wconf 78' lang='lat' dir='ltr'><strong>cogitationum</strong></span> <span class='ocrx_word' id='word_1_9' title='bbox 675 484 867 556; x_wconf 79' lang='lat' dir='ltr'><strong>alienarum,</strong></span> <span class='ocrx_word' id='word_1_10' title='bbox 898 497 931 548; x_wconf 91' lang='lat' dir='ltr'><strong>et</strong></span> <span class='ocrx_word' id='word_1_11' title='bbox 949 462 1099 549; x_wconf 75' lang='lat' dir='ltr'><strong>festucam</strong></span> <span class='ocrx_word' id='word_1_12' title='bbox 1117 483 1228 551; x_wconf 80' lang='lat' dir='ltr'><strong>rident</strong></span> 
     </span>
    </p>
   </div>
   <div class='ocr_carea' id='block_1_3' title="bbox 23 583 1236 2158">
    <p class='ocr_par' dir='ltr' id='par_1_3' title="bbox 23 583 1236 2158">
     <span class='ocr_line' id='line_1_3' title="bbox 93 583 1228 660; baseline 0.002 -14"><span class='ocrx_word' id='word_1_13' title='bbox 93 586 128 648; x_wconf 89' lang='lat' dir='ltr'><strong>in</strong></span> <span class='ocrx_word' id='word_1_14' title='bbox 152 588 245 648; x_wconf 88' lang='lat' dir='ltr'><strong>oculo</strong></span> <span class='ocrx_word' id='word_1_15' title='bbox 266 586 330 648; x_wconf 82' lang='lat' dir='ltr'><strong>viri</strong></span> <span class='ocrx_word' id='word_1_16' title='bbox 351 585 615 660; x_wconf 77' lang='lat' dir='ltr'><strong>christianissimi,</strong></span> <span class='ocrx_word' id='word_1_17' title='bbox 650 596 681 646; x_wconf 85' lang='lat' dir='ltr'><strong>et</strong></span> <span class='ocrx_word' id='word_1_18' title='bbox 706 606 776 645; x_wconf 83' lang='lat' dir='ltr'><strong>suus</strong></span> <span class='ocrx_word' id='word_1_19' title='bbox 795 583 945 646; x_wconf 83' lang='lat' dir='ltr'><strong>maximus</strong></span> <span class='ocrx_word' id='word_1_20' title='bbox 964 587 1065 648; x_wconf 80' lang='lat' dir='ltr'><strong>trebes</strong></span> <span class='ocrx_word' id='word_1_21' title='bbox 1090 607 1155 648; x_wconf 88' lang='lat' dir='ltr'><strong>non</strong></span> <span class='ocrx_word' id='word_1_22' title='bbox 1175 585 1228 648; x_wconf 86' lang='lat' dir='ltr'><strong>vi-</strong></span> 
     </span>
     <span class='ocr_line' id='line_1_4' title="bbox 36 679 1228 767; baseline 0 -21"><span class='ocrx_word' id='word_1_23' title='bbox 36 679 41 694; x_wconf 85' lang='grc'><strong>’</strong></span> <span class='ocrx_word' id='word_1_24' title='bbox 93 687 179 746; x_wconf 82' lang='lat' dir='ltr'><strong>dent.</strong></span> <span class='ocrx_word' id='word_1_25' title='bbox 219 685 313 747; x_wconf 78' lang='lat' dir='ltr'><strong>Dixit</strong></span> <span class='ocrx_word' id='word_1_26' title='bbox 334 686 431 749; x_wconf 75' lang='lat' dir='ltr'><strong>Vari..-</strong></span> <span class='ocrx_word' id='word_1_27' title='bbox 451 685 628 746; x_wconf 81' lang='lat' dir='ltr'><strong>Maximum</strong></span> <span class='ocrx_word' id='word_1_28' title='bbox 649 693 862 766; x_wconf 82' lang='lat' dir='ltr'><strong>argumentum</strong></span> <span class='ocrx_word' id='word_1_29' title='bbox 885 695 949 760; x_wconf 86' lang='lat' dir='ltr'><strong>est,</strong></span> <span class='ocrx_word' id='word_1_30' title='bbox 970 686 1129 767; x_wconf 83' lang='lat' dir='ltr'><strong>probatam</strong></span> <span class='ocrx_word' id='word_1_31' title='bbox 1143 687 1228 746; x_wconf 74' lang='lat' dir='ltr'><strong>¹doo-</strong></span> 
     </span>
     <span class='ocr_line' id='line_1_5' title="bbox 90 784 1227 866; baseline 0 -20"><span class='ocrx_word' id='word_1_32' title='bbox 90 787 209 846; x_wconf 79' lang='lat' dir='ltr'><strong>trinum</strong></span> <span class='ocrx_word' id='word_1_33' title='bbox 229 785 365 846; x_wconf 83' lang='lat' dir='ltr'><strong>doctoris</strong></span> <span class='ocrx_word' id='word_1_34' title='bbox 384 785 516 846; x_wconf 80' lang='lat' dir='ltr'><strong>Martini</strong></span> <span class='ocrx_word' id='word_1_35' title='bbox 540 784 691 859; x_wconf 69' lang='lat' dir='ltr'><strong>notheri,</strong></span> <span class='ocrx_word' id='word_1_36' title='bbox 731 784 814 864; x_wconf 85' lang='lat' dir='ltr'><strong>quod</strong></span> <span class='ocrx_word' id='word_1_37' title='bbox 839 785 1046 864; x_wconf 85' lang='lat' dir='ltr'><strong>Augustenses</strong></span> <span class='ocrx_word' id='word_1_38' title='bbox 1066 784 1129 866; x_wconf 82' lang='lat' dir='ltr'><strong>jam</strong></span> <span class='ocrx_word' id='word_1_39' title='bbox 1150 787 1227 846; x_wconf 84' lang='lat' dir='ltr'><strong>duos</strong></span> 
     </span>
     <span class='ocr_line' id='line_1_6' title="bbox 23 882 1228 966; baseline -0.002 -20"><span class='ocrx_word' id='word_1_40' title='bbox 23 902 25 911; x_wconf 79' lang='grc'>’</span> <span class='ocrx_word' id='word_1_41' title='bbox 91 886 146 946; x_wconf 82' lang='lat' dir='ltr'><strong>vel</strong></span> <span class='ocrx_word' id='word_1_42' title='bbox 166 895 229 946; x_wconf 90' lang='lat' dir='ltr'><strong>tres</strong></span> <span class='ocrx_word' id='word_1_43' title='bbox 250 884 429 966; x_wconf 85' lang='lat' dir='ltr'><strong>dejecerunt</strong></span> <span class='ocrx_word' id='word_1_44' title='bbox 449 885 487 945; x_wconf 82' lang='lat' dir='ltr'><strong>ab</strong></span> <span class='ocrx_word' id='word_1_45' title='bbox 509 884 610 944; x_wconf 89' lang='lat' dir='ltr'><strong>officio</strong></span> <span class='ocrx_word' id='word_1_46' title='bbox 630 882 830 964; x_wconf 80' lang='lat' dir='ltr'><strong>praedicandi</strong></span> <span class='ocrx_word' id='word_1_47' title='bbox 848 882 982 963; x_wconf 87' lang='lat' dir='ltr'><strong>publico,</strong></span> <span class='ocrx_word' id='word_1_48' title='bbox 1003 885 1086 964; x_wconf 87' lang='lat' dir='ltr'><strong>quod</strong></span> <span class='ocrx_word' id='word_1_49' title='bbox 1105 885 1228 946; x_wconf 85' lang='lat' dir='ltr'><strong>Luthe-</strong></span> 
     </span>
     <span class='ocr_line' id='line_1_7' title="bbox 91 977 1227 1064; baseline -0.002 -18"><span class='ocrx_word' id='word_1_50' title='bbox 91 1005 128 1046; x_wconf 83' lang='lat' dir='ltr'><strong>ro</strong></span> <span class='ocrx_word' id='word_1_51' title='bbox 150 1003 217 1046; x_wconf 86' lang='lat' dir='ltr'><strong>non</strong></span> <span class='ocrx_word' id='word_1_52' title='bbox 237 985 399 1064; x_wconf 81' lang='lat' dir='ltr'><strong>inverent3</strong></span> <span class='ocrx_word' id='word_1_53' title='bbox 430 984 593 1044; x_wconf 80' lang='lat' dir='ltr'><strong>Urbanum</strong></span> <span class='ocrx_word' id='word_1_54' title='bbox 613 983 750 1064; x_wconf 85' lang='lat' dir='ltr'><strong>regium,</strong></span> <span class='ocrx_word' id='word_1_55' title='bbox 781 981 887 1043; x_wconf 80' lang='lat' dir='ltr'><strong>virum</strong></span> <span class='ocrx_word' id='word_1_56' title='bbox 910 982 1139 1055; x_wconf 86' lang='lat' dir='ltr'><strong>doctissimum,</strong></span> <span class='ocrx_word' id='word_1_57' title='bbox 1160 977 1227 1045; x_wconf 76' lang='lat' dir='ltr'><strong>ms&#39;·</strong></span> 
     </span>
     <span class='ocr_line' id='line_1_8' title="bbox 91 1080 1228 1164; baseline 0.004 -22"><span class='ocrx_word' id='word_1_58' title='bbox 91 1082 180 1142; x_wconf 78' lang='lat' dir='ltr'><strong>xima</strong></span> <span class='ocrx_word' id='word_1_59' title='bbox 207 1083 340 1164; x_wconf 79' lang='lat' dir='ltr'><strong>pecunia</strong></span> <span class='ocrx_word' id='word_1_60' title='bbox 366 1084 598 1158; x_wconf 81' lang='lat' dir='ltr'><strong>conduxerunt,</strong></span> <span class='ocrx_word' id='word_1_61' title='bbox 642 1083 696 1162; x_wconf 92' lang='lat' dir='ltr'><strong>qui</strong></span> <span class='ocrx_word' id='word_1_62' title='bbox 724 1080 788 1142; x_wconf 90' lang='lat' dir='ltr'><strong>illis</strong></span> <span class='ocrx_word' id='word_1_63' title='bbox 807 1082 969 1143; x_wconf 80' lang='lat' dir='ltr'><strong>sinceriter</strong></span> <span class='ocrx_word' id='word_1_64' title='bbox 990 1085 1136 1144; x_wconf 81' lang='lat' dir='ltr'><strong>enunciet</strong></span> <span class='ocrx_word' id='word_1_65' title='bbox 1153 1104 1228 1146; x_wconf 85' lang='lat' dir='ltr'><strong>ver-</strong></span> 
     </span>
     <span class='ocr_line' id='line_1_9' title="bbox 92 1179 1229 1264; baseline 0.001 -20"><span class='ocrx_word' id='word_1_66' title='bbox 92 1183 170 1244; x_wconf 85' lang='lat' dir='ltr'><strong>bum</strong></span> <span class='ocrx_word' id='word_1_67' title='bbox 190 1184 252 1243; x_wconf 90' lang='lat' dir='ltr'><strong>Dei</strong></span> <span class='ocrx_word' id='word_1_68' title='bbox 272 1183 443 1244; x_wconf 88' lang='lat' dir='ltr'><strong>secuudum</strong></span> <span class='ocrx_word' id='word_1_69' title='bbox 463 1182 683 1243; x_wconf 79' lang='lat' dir='ltr'><strong>instructiones</strong></span> <span class='ocrx_word' id='word_1_70' title='bbox 704 1179 848 1241; x_wconf 88' lang='lat' dir='ltr'><strong>Lutheri.</strong></span> <span class='ocrx_word' id='word_1_71' title='bbox 888 1183 1054 1259; x_wconf 85' lang='lat' dir='ltr'><strong>Quomodo</strong></span> <span class='ocrx_word' id='word_1_72' title='bbox 1076 1182 1229 1264; x_wconf 87' lang='lat' dir='ltr'><strong>fieripot-</strong></span> 
     </span>
     <span class='ocr_line' id='line_1_10' title="bbox 93 1280 1228 1364; baseline 0.001 -21"><span class='ocrx_word' id='word_1_73' title='bbox 93 1295 139 1346; x_wconf 91' lang='lat' dir='ltr'><strong>cst</strong></span> <span class='ocrx_word' id='word_1_74' title='bbox 145 1327 157 1358; x_wconf 96' lang='lat'><strong><em>,</em></strong></span> <span class='ocrx_word' id='word_1_75' title='bbox 197 1293 234 1344; x_wconf 88' lang='lat' dir='ltr'><strong>ut</strong></span> <span class='ocrx_word' id='word_1_76' title='bbox 255 1281 362 1343; x_wconf 77' lang='lat' dir='ltr'><strong>ciuitas</strong></span> <span class='ocrx_word' id='word_1_77' title='bbox 382 1292 445 1344; x_wconf 81' lang='lat' dir='ltr'><strong>tum</strong></span> <span class='ocrx_word' id='word_1_78' title='bbox 473 1282 625 1355; x_wconf 81' lang='lat' dir='ltr'><strong>solennis,</strong></span> <span class='ocrx_word' id='word_1_79' title='bbox 668 1280 920 1362; x_wconf 76' lang='lat' dir='ltr'><strong>tum‘popuiosu,</strong></span> <span class='ocrx_word' id='word_1_80' title='bbox 961 1294 1024 1346; x_wconf 83' lang='lat' dir='ltr'><strong>tam</strong></span> <span class='ocrx_word' id='word_1_81' title='bbox 1045 1283 1228 1364; x_wconf 83' lang='lat' dir='ltr'><strong>imperialis,</strong></span> 
     </span>
     <span class='ocr_line' id='line_1_11' title="bbox 94 1378 1229 1464; baseline -0.001 -19"><span class='ocrx_word' id='word_1_82' title='bbox 94 1395 159 1445; x_wconf 78' lang='lat' dir='ltr'><strong>tem</strong></span> <span class='ocrx_word' id='word_1_83' title='bbox 178 1383 328 1444; x_wconf 83' lang='lat' dir='ltr'><strong>instructa</strong></span> <span class='ocrx_word' id='word_1_84' title='bbox 348 1381 426 1444; x_wconf 83' lang='lat' dir='ltr'><strong>viris</strong></span> <span class='ocrx_word' id='word_1_85' title='bbox 447 1383 540 1443; x_wconf 85' lang='lat' dir='ltr'><strong>etiam</strong></span> <span class='ocrx_word' id='word_1_86' title='bbox 561 1378 745 1443; x_wconf 81' lang='lat' dir='ltr'><strong>doctissimis</strong></span> <span class='ocrx_word' id='word_1_87' title='bbox 767 1392 797 1438; x_wconf 86' lang='lat' dir='ltr'><strong>et</strong></span> <span class='ocrx_word' id='word_1_88' title='bbox 815 1381 1039 1457; x_wconf 86' lang='lat' dir='ltr'><strong>sacerdotibus,</strong></span> <span class='ocrx_word' id='word_1_89' title='bbox 1061 1384 1158 1464; x_wconf 83' lang='lat' dir='ltr'><strong>possit</strong></span> <span class='ocrx_word' id='word_1_90' title='bbox 1179 1405 1229 1444; x_wconf 87' lang='lat' dir='ltr'><strong>er-</strong></span> 
     </span>
     <span class='ocr_line' id='line_1_12' title="bbox 90 1482 1230 1566; baseline -0.004 -18"><span class='ocrx_word' id='word_1_91' title='bbox 90 1483 187 1548; x_wconf 74' lang='lat' dir='ltr'><strong>rare?</strong></span> <span class='ocrx_word' id='word_1_92' title='bbox 207 1482 298 1544; x_wconf 78' lang='lat' dir='ltr'><strong>Dixit</strong></span> <span class='ocrx_word' id='word_1_93' title='bbox 315 1484 425 1566; x_wconf 84' lang='lat' dir='ltr'><strong>Pasq..·</strong></span> <span class='ocrx_word' id='word_1_94' title='bbox 459 1483 526 1564; x_wconf 82' lang='lat' dir='ltr'><strong>Ego</strong></span> <span class='ocrx_word' id='word_1_95' title='bbox 546 1503 613 1543; x_wconf 87' lang='lat' dir='ltr'><strong>rem</strong></span> <span class='ocrx_word' id='word_1_96' title='bbox 636 1499 759 1540; x_wconf 87' lang='lat' dir='ltr'><strong>omnem</strong></span> <span class='ocrx_word' id='word_1_97' title='bbox 781 1491 978 1559; x_wconf 76' lang='lat' dir='ltr'><strong>percontatus</strong></span> <span class='ocrx_word' id='word_1_98' title='bbox 999 1503 1076 1542; x_wconf 89' lang='lat' dir='ltr'><strong>sum.</strong></span> <span class='ocrx_word' id='word_1_99' title='bbox 1105 1484 1230 1544; x_wconf 86' lang='lat' dir='ltr'><strong>Luthe-</strong></span> 
     </span>
     <span class='ocr_line' id='line_1_13' title="bbox 92 1581 1229 1664; baseline 0 -20"><span class='ocrx_word' id='word_1_100' title='bbox 92 1585 275 1652; x_wconf 75' lang='lat' dir='ltr'><strong>renisum,</strong></span> <span class='ocrx_word' id='word_1_101' title='bbox 312 1583 488 1664; x_wconf 82' lang='lat' dir='ltr'><strong>quicunque</strong></span> <span class='ocrx_word' id='word_1_102' title='bbox 509 1583 668 1644; x_wconf 81' lang='lat' dir='ltr'><strong>Christum</strong></span> <span class='ocrx_word' id='word_1_103' title='bbox 696 1581 749 1661; x_wconf 88' lang='lat' dir='ltr'><strong>pio</strong></span> <span class='ocrx_word' id='word_1_104' title='bbox 770 1581 885 1642; x_wconf 87' lang='lat' dir='ltr'><strong>colunt.</strong></span> <span class='ocrx_word' id='word_1_105' title='bbox 947 1583 1061 1663; x_wconf 84' lang='lat' dir='ltr'><strong>Ecquis</strong></span> <span class='ocrx_word' id='word_1_106' title='bbox 1082 1584 1167 1644; x_wconf 85' lang='lat' dir='ltr'><strong>enim</strong></span> <span class='ocrx_word' id='word_1_107' title='bbox 1186 1584 1229 1644; x_wconf 93' lang='lat' dir='ltr'><strong>il-</strong></span> 
     </span>
     <span class='ocr_line' id='line_1_14' title="bbox 92 1666 1227 1764; baseline -0.002 -18"><span class='ocrx_word' id='word_1_108' title='bbox 92 1686 162 1746; x_wconf 92' lang='lat' dir='ltr'><strong>lum</strong></span> <span class='ocrx_word' id='word_1_109' title='bbox 180 1681 359 1763; x_wconf 88' lang='lat' dir='ltr'><strong>usquehuc</strong></span> <span class='ocrx_word' id='word_1_110' title='bbox 380 1685 547 1764; x_wconf 80' lang='lat' dir='ltr'><strong>urguit‚et</strong></span> <span class='ocrx_word' id='word_1_111' title='bbox 567 1701 631 1745; x_wconf 90' lang='lat' dir='ltr'><strong>uon</strong></span> <span class='ocrx_word' id='word_1_112' title='bbox 653 1679 800 1744; x_wconf 76' lang='lat' dir='ltr'><strong>confusos</strong></span> <span class='ocrx_word' id='word_1_113' title='bbox 822 1666 891 1741; x_wconf 75' lang='lat' dir='ltr'><strong>est?</strong></span> <span class='ocrx_word' id='word_1_114' title='bbox 932 1683 1083 1744; x_wconf 86' lang='lat' dir='ltr'><strong>Ecciusne</strong></span> <span class='ocrx_word' id='word_1_115' title='bbox 1102 1705 1138 1744; x_wconf 84' lang='lat' dir='ltr'><strong>nc</strong></span> <span class='ocrx_word' id='word_1_116' title='bbox 1155 1683 1227 1744; x_wconf 72' lang='lat' dir='ltr'><strong>sui?</strong></span> 
     </span>
     <span class='ocr_line' id='line_1_15' title="bbox 92 1778 1229 1866; baseline -0.004 -18"><span class='ocrx_word' id='word_1_117' title='bbox 92 1791 144 1848; x_wconf 83' lang='lat' dir='ltr'><strong>Au</strong></span> <span class='ocrx_word' id='word_1_118' title='bbox 165 1786 335 1846; x_wconf 72' lang='lat' dir='ltr'><strong>Murum-us</strong></span> <span class='ocrx_word' id='word_1_119' title='bbox 354 1781 428 1856; x_wconf 86' lang='lat' dir='ltr'><strong>ille,</strong></span> <span class='ocrx_word' id='word_1_120' title='bbox 464 1780 640 1862; x_wconf 84' lang='lat' dir='ltr'><strong>Theologus</strong></span> <span class='ocrx_word' id='word_1_121' title='bbox 668 1799 743 1841; x_wconf 87' lang='lat' dir='ltr'><strong>vere</strong></span> <span class='ocrx_word' id='word_1_122' title='bbox 762 1778 870 1853; x_wconf 84' lang='lat' dir='ltr'><strong>miser,</strong></span> <span class='ocrx_word' id='word_1_123' title='bbox 912 1781 1013 1863; x_wconf 80' lang='lat' dir='ltr'><strong>impar</strong></span> <span class='ocrx_word' id='word_1_124' title='bbox 1049 1805 1229 1866; x_wconf 83' lang='lat' dir='ltr'><strong>congressus</strong></span> 
     </span>
     <span class='ocr_line' id='line_1_16' title="bbox 92 1867 1236 1962; baseline 0.001 -17"><span class='ocrx_word' id='word_1_125' title='bbox 92 1883 243 1959; x_wconf 80' lang='lat' dir='ltr'><strong>Achillis,</strong></span> <span class='ocrx_word' id='word_1_126' title='bbox 266 1882 412 1962; x_wconf 85' lang='lat' dir='ltr'><strong>indignus</strong></span> <span class='ocrx_word' id='word_1_127' title='bbox 433 1891 526 1955; x_wconf 86' lang='lat' dir='ltr'><strong>certe,</strong></span> <span class='ocrx_word' id='word_1_128' title='bbox 548 1880 633 1961; x_wconf 86' lang='lat' dir='ltr'><strong>cujus</strong></span> <span class='ocrx_word' id='word_1_129' title='bbox 654 1879 745 1960; x_wconf 84' lang='lat' dir='ltr'><strong>nugis</strong></span> <span class='ocrx_word' id='word_1_130' title='bbox 764 1880 1010 1960; x_wconf 82' lang='lat' dir='ltr'><strong>respondestvir</strong></span> <span class='ocrx_word' id='word_1_131' title='bbox 1030 1867 1236 1946; x_wconf 71' lang='lat' dir='ltr'><strong>doctissimus.&#39;</strong></span> 
     </span>
     <span class='ocr_line' id='line_1_17' title="bbox 93 1977 1228 2064; baseline 0.001 -18"><span class='ocrx_word' id='word_1_132' title='bbox 93 1985 156 2048; x_wconf 77' lang='lat' dir='ltr'><strong>ssd</strong></span> <span class='ocrx_word' id='word_1_133' title='bbox 175 1983 217 2047; x_wconf 79' lang='lat' dir='ltr'><strong>ed</strong></span> <span class='ocrx_word' id='word_1_134' title='bbox 236 1981 419 2063; x_wconf 85' lang='lat' dir='ltr'><strong>Principum</strong></span> <span class='ocrx_word' id='word_1_135' title='bbox 440 1981 602 2043; x_wconf 81' lang='lat' dir='ltr'><strong>consitium</strong></span> <span class='ocrx_word' id='word_1_136' title='bbox 623 1999 674 2040; x_wconf 90' lang='lat' dir='ltr'><strong>mo</strong></span> <span class='ocrx_word' id='word_1_137' title='bbox 694 1977 831 2062; x_wconf 78' lang='lat' dir='ltr'><strong>nquipio,</strong></span> <span class='ocrx_word' id='word_1_138' title='bbox 851 2000 935 2046; x_wconf 78' lang='lat' dir='ltr'><strong>novo</strong></span> <span class='ocrx_word' id='word_1_139' title='bbox 954 1983 1024 2047; x_wconf 85' lang='lat' dir='ltr'><strong>istic</strong></span> <span class='ocrx_word' id='word_1_140' title='bbox 1038 1983 1228 2064; x_wconf 57' lang='lat' dir='ltr'><strong>rimaturum</strong></span> 
     </span>
     <span class='ocr_line' id='line_1_18' title="bbox 92 2079 1197 2158; baseline -0.016 -10"><span class='ocrx_word' id='word_1_141' title='bbox 92 2083 223 2148; x_wconf 82' lang='lat' dir='ltr'><strong>iuterim</strong></span> <span class='ocrx_word' id='word_1_142' title='bbox 236 2083 438 2148; x_wconf 79' lang='lat' dir='ltr'><strong>Rornunistas</strong></span> <span class='ocrx_word' id='word_1_143' title='bbox 458 2079 634 2149; x_wconf 76' lang='lat' dir='ltr'><strong>observabis</strong></span> <span class='ocrx_word' id='word_1_144' title='bbox 652 2090 697 2142; x_wconf 90' lang='lat' dir='ltr'><strong>tu.</strong></span> <span class='ocrx_word' id='word_1_145' title='bbox 1180 2123 1197 2158; x_wconf 60' lang='lat'><strong>,-</strong></span> 
     </span>
    </p>
   </div>
   <div class='ocr_carea' id='block_1_4' title="bbox 0 0 1431 4718">
    <p class='ocr_par' dir='ltr' id='par_1_4' title="bbox 0 0 1431 4718">
     <span class='ocr_line' id='line_1_19' title="bbox 0 0 1431 4718; baseline 0 0"><span class='ocrx_word' id='word_1_146' title='bbox 0 0 1431 4718; x_wconf 95' lang='lat' dir='ltr'><strong> </strong></span> 
     </span>
    </p>
   </div>
  </div>
 </body>
</html>
