2846 4716
200 309 263 378 ssa
503 299 1064 376 summersis„
1115 245 1150 326 ‘-

200 471 341 552 jumento
374 459 535 536 coiissent,
577 459 653 522 adeo
680 460 780 524 scelus
810 459 895 524 istud
916 450 1099 527 execrmfir
1120 452 1223 518 etism
1268 458 1324 520 Sed

139 582 142 594 ·
202 569 293 643 sudi,
323 585 453 648 precor,
474 571 621 643 quantum
643 559 800 641 intelligo:
822 580 889 634 non
915 560 1039 640 penitus
1059 576 1178 620 vanum
1198 557 1259 617 hoc
1278 569 1326 631 est,

203 667 288 750 qnod
306 667 401 747 vulgo
418 664 521 724 fertur
549 659 633 742 apud
652 680 725 734 nos,
744 659 963 739 proverbium:
983 677 1044 738 quo
1063 658 1185 718 Romae
1204 660 1328 740 propin-

203 767 294 850 quior
307 764 437 846 quisque
457 781 492 822 ec
507 760 651 834 vicinior,
669 778 706 818 eo
716 755 820 820 minus
827 758 1040 834 Christianum
1060 755 1231 836 quodadeo
1244 759 1330 816 auam

205 887 245 926 ex
265 865 378 924 nostris
398 861 606 922 sacerdotibus
625 857 845 938 intelligimus,
885 857 941 938 qui
961 857 1023 938 ipsi
1042 857 1143 916 Roma
1164 845 1331 924 uenientes,

205 964 348 1026 omnibus
367 960 535 1022 sceleribus
555 957 669 1032 obruti,
690 957 780 1018 nobis
801 957 840 1017 ad
860 955 1065 1018 imitationem
1088 955 1223 1036 pessima
1244 975 1334 1035 quae-

204 1086 265 1154 que
284 1068 480 1144 praeponunt
504 1059 665 1140 exempla:
685 1055 812 1118 interim
834 1055 926 1132 nihil,
946 1056 1031 1140 quod
1050 1055 1090 1116 ad
1113 1055 1264 1134 pietatem
1289 1052 1336 1112 vi-

204 1180 315 1244 taeque
333 1157 561 1222 institutionem
588 1157 706 1230 valeat,
728 1164 781 1216 aut
794 1155 898 1217 verbis
918 1155 1090 1228 edocentes,
1113 1162 1167 1214 aut
1183 1152 1337 1234 operibus,

118 1299 122 1308 -
204 1262 306 1346 ignari
325 1258 466 1319 omnium
487 1256 563 1316 adeo
583 1275 705 1329 rerum,
728 1263 763 1315 ut
787 1274 846 1316 uec
866 1254 1010 1316 divinum
1031 1254 1124 1314 etiarn
1140 1251 1337 1332 evangeliun

204 1363 305 1445 plebi,
326 1368 362 1420 ut
382 1355 518 1435 intelligi
533 1357 643 1436 possit,
665 1373 838 1436 proponere
856 1364 987 1436 queant,
1008 1354 1154 1434 superbi,
1184 1350 1337 1423 iracundi,

206 1456 379 1532 vinolenti,
398 1455 641 1530 incontinentes,
661 1473 866 1536 percussores,
883 1453 1094 1535 inhospitales,
1117 1450 1236 1532 cupidi,
1256 1450 1339 1510 alen-

205 1571 307 1632 tores,
343 1555 523 1636 vaniloqui,
555 1553 740 1615 seductores
801 1557 899 1616 Puer.
922 1551 1088 1632 Quomodo
1110 1550 1257 1610 meliores
1277 1569 1340 1608 esse

205 1664 334 1742 possunt
353 1652 389 1714 hi
396 1693 408 1725 ,
438 1652 493 1735 qui
528 1673 569 1712 ex
598 1652 740 1727 stabulis,
775 1653 896 1734 ganeis,
935 1652 1137 1732 lupanaribus
1158 1650 1235 1730 (hae
1256 1649 1339 1710 enim

206 1745 452 1820 Romanensium
488 1750 627 1832 scholae)
662 1751 702 1813 sd
737 1749 847 1814 altaria
884 1751 1002 1814 Christi
1036 1750 1201 1825 accedunt,
1244 1749 1341 1828 inque

95 1851 98 1858 ¹
206 1857 267 1920 hae
288 1853 449 1916 exercitati
469 1852 621 1934 palaestra
636 1849 1042 1932 praeponunturecclesiis'l
1062 1870 1121 1910 nec
1140 1851 1271 1921 mirum,
1285 1848 1342 1908 hos

87 2021 93 2037 ¹
206 1966 327 2018 nostros
355 1973 420 2014 esse
453 1951 620 2030 pessimos,
663 1971 735 2012 cum
763 1951 839 2012 talia
865 1951 958 2013 etiam
988 1951 1106 2010 Romae
1136 1949 1200 2010 sint
1232 1948 1340 2028 capita.

206 2059 328 2118 Henna.-
373 2050 540 2129 Quomodo
578 2047 685 2108 eadem
715 2049 817 2129 capita
847 2058 878 2108 et
906 2049 1037 2130 pessima
1059 2069 1123 2110 esse
1151 2055 1283 2129 possunt
1308 2054 1342 2105 et

106 2165 108 2172 '
207 2167 321 2226 satiata,
344 2169 409 2208 non
429 2148 579 2230 intelligo.
622 2151 722 2209 Puer.
742 2149 851 2228 Neque
872 2158 962 2208 tuum
983 2162 1043 2223 est,
1065 2149 1144 2208 scire
1164 2146 1257 2220 illud,
1279 2164 1337 2204 nec
1416 2151 1417 2216 j

188 2256 282 2316 licet
302 2249 411 2310 etiam:
431 2247 508 2327 quin
529 2247 604 2308 etin
618 2247 777 2330 evangelio
793 2247 937 2308 Christus
950 2246 1197 2310 absconditaalia
1217 2253 1341 2326 aposto-
1416 2227 1417 2317 ,

208 2354 287 2427 licis,
307 2350 369 2410 alia
390 2345 605 2426 Sapientibus,
625 2347 687 2407 alia
707 2348 848 2408 indoctae
867 2348 953 2428 plebi
972 2347 1074 2408 voluit
1094 2365 1176 2424 esse5
1195 2363 1263 2404 non
1283 2343 1341 2402 mi-

200 2449 282 2517 rum
299 2469 392 2530 ergo,
414 2446 441 2506 si
461 2446 594 2506 rusticus
629 2446 696 2526 ipse
719 2447 843 2526 ignores
863 2431 1017 2528 plurima,
1038 2446 1130 2506 etiam
1152 2464 1265 2525 capere
1284 2463 1342 2505 nec

209 2549 326 2633 possis,
348 2565 406 2608 nec
426 2543 528 2618 liceat,
550 2553 642 2626 atque
663 2546 719 2605 illa
739 2545 833 2610 etiam
853 2548 994 2608 nondum
1013 2544 1263 2628 prudentissimis
1285 2565 1343 2626 op·

209 2649 356 2728 timisque
377 2652 483 2726 aperta
502 2654 574 2703 sunt
593 2644 782 2706 mortalibus.
823 2646 927 2723 Quam
954 2665 1031 2710 vero
1052 2665 1104 2706 me
1129 2645 1245 2706 vellem
1277 2646 1344 2705 Ro·

210 2769 281 2810 rnae
307 2765 388 2832 esse:
431 2741 579 2826 quicquid
608 2754 685 2804 esset
709 2765 817 2804 rerum
859 2765 1043 2808 meanarum
1092 2743 1344 2813 catechismum,

210 2847 301 2910 brevi
321 2841 554 2904 intellecturum
584 2863 635 2904 me
670 2843 873 2919 confiderem,
923 2855 987 2906 tam
1014 2843 1095 2906 felix
1128 2863 1235 2904 meum
1263 2843 1342 2904 novi

211 2942 384 3026 ingenium
452 2945 574 3003 Hanno.
614 2944 714 3004 Hem!
770 2944 898 3008 obviant
937 2944 1027 3006 nobis
1074 2941 1236 3025 palliatam
1287 2941 1347 3003 hui

213 3063 308 3124 quam
354 3039 521 3122 elegantes!
585 3043 708 3102 nostine
748 3043 818 3118 has,
869 3063 888 3104 o
919 3043 1048 3108 Brunoi
1098 3047 1195 3114 Puer.
1232 3043 1345 3104 Sacrae

108 3141 110 3146 ’
214 3143 294 3204 mihi
323 3140 384 3201 hae
418 3137 565 3200 videntur
600 3135 665 3200 esse
706 3142 859 3223 virgines,
911 3153 1002 3222 atque
1028 3140 1120 3216 illae,
1163 3161 1240 3222 quae
1278 3161 1347 3202 sae-

184 3221 284 3327 'pius
312 3240 405 3303 etiam
432 3237 578 3309 convivio
608 3241 734 3302 adhibet
756 3244 883 3323 legatus.
928 3245 1049 3304 Hamae.
1072 3241 1160 3320 Quid
1177 3241 1247 3302 sis?
1291 3243 1349 3302 Sa·

214 3363 286 3405 crae
306 3337 467 3420 virginari
507 3341 606 3398 Puer.
627 3341 714 3418 Quid
727 3341 853 3417 mirum,
875 3360 1110 3415 sacrumsacro,
1130 3341 1249 3404 malum
1264 3343 1347 3402 malo

215 3443 242 3504 si
262 3435 478 3530 aptissimum?
519 3437 636 3498 similes
656 3439 761 3501 labrac
787 3439 815 3498 si
842 3440 976 3502 habeant
1002 3440 1158 3502 lactucas?
1204 3437 1347 3502 Chorusn

215 3551 384 3604 tenuerunt
405 3547 602 3613 nocturnum,
623 3539 859 3618 alternatimque
873 3541 1038 3602 matutinas
1052 3540 1254 3616 absoluerunt
1273 3561 1348 3622 pre-

117 3653 121 3664 ’
202 3641 310 3704 eules.
349 3636 497 3718 Virgines
513 3646 617 3698 tamen
639 3659 702 3698 esse
724 3657 796 3724 eas,
834 3638 869 3700 iu
900 3660 937 3699 eo
963 3639 1022 3698 tibi
1042 3637 1137 3700 fidem
1157 3659 1261 3708 meam
1282 3661 1347 3701 non

117 3769 120 3774 ·
217 3738 421 3818 obstringam:
447 3735 561 3800 mirum
585 3747 645 3812 est,
670 3757 762 3815 qnam
784 3738 982 3798 meticulosus
1002 3737 1036 3798 in
1058 3758 1132 3818 eam·
1145 3739 1203 3799 sim
1218 3749 1347 3819 partem.

217 3845 338 3902 Henna.
380 3838 484 3915 Quam
512 3856 562 3896 me
589 3836 626 3897 iu
652 3835 712 3896 hoc
738 3838 924 3898 monasterio
950 3836 1111 3898 aedituum
1129 3857 1195 3898 esse
1217 3839 1347 3900 vellem!

218 3945 315 4002 Puer.
336 3939 451 4017 Apage,
472 3935 602 4009 rustice,
644 3954 710 3996 non
734 3937 792 3996 tibi
812 3937 882 3996 cani
908 3936 968 3996 hae
994 3937 1188 3998 conveniunt
1207 3939 1347 4013 balneae,

218 4039 301 4100 nihil
311 4057 381 4096 cum
401 4033 570 4126 amaricino
588 4033 654 4126 sui:
675 4044 742 4094 tum
761 4046 876 4112 autem,
887 4035 923 4106 ,si
943 4035 1021 4097 istuc
1033 4037 1129 4112 voles,
1151 4058 1244 4098 canos
1262 4047 1347 4119 tegas

219 4159 255 4198 ac
274 4133 426 4218 rusticum
448 4141 578 4214 oportet.
620 4133 759 4194 salvete!
810 4155 907 4196 nosne
929 4135 1060 4217 fugitis?
1083 4133 1185 4200 silens
1227 4141 1348 4200 Henna.

217 4235 291 4294 Non
310 4234 393 4309 lieet,
406 4241 609 4298 sacrosanctas
628 4251 700 4294 cum
711 4235 856 4315 profanis
875 4235 970 4300 ¹verba
984 4235 1098 4316 facere,
1119 4249 1276 4318 quantam
1296 4238 1347 4300 iu-
