<?xml version="1.0" encoding="UTF-8"?>
<!DOCTYPE html PUBLIC "-//W3C//DTD XHTML 1.0 Transitional//EN"
    "http://www.w3.org/TR/xhtml1/DTD/xhtml1-transitional.dtd">
<html xmlns="http://www.w3.org/1999/xhtml" xml:lang="en" lang="en">
 <head>
  <title>
</title>
<meta http-equiv="Content-Type" content="text/html;charset=utf-8" />
  <meta name='ocr-system' content='tesseract 3.04.00' />
  <meta name='ocr-capabilities' content='ocr_page ocr_carea ocr_par ocr_line ocrx_word'/>
</head>
<body>
  <div class='ocr_page' id='page_1' title='image "./ulrichiabhutten04mngoog_0554.png"; bbox 0 0 2846 4716; ppageno 0'>
   <div class='ocr_carea' id='block_1_1' title="bbox 202 250 1052 358">
    <p class='ocr_par' dir='ltr' id='par_1_1' title="bbox 202 250 1052 358">
     <span class='ocr_line' id='line_1_1' title="bbox 202 250 1052 358; baseline 0.008 -6"><span class='ocrx_word' id='word_1_1' title='bbox 202 285 265 352; x_wconf 78' lang='lat' dir='ltr'><strong>use</strong></span> <span class='ocrx_word' id='word_1_2' title='bbox 579 293 944 358; x_wconf 72' lang='lat' dir='ltr'><strong>auruncus.</strong></span> <span class='ocrx_word' id='word_1_3' title='bbox 1049 250 1052 266; x_wconf 70' lang='grc'><strong>’</strong></span> 
     </span>
    </p>
   </div>
   <div class='ocr_carea' id='block_1_2' title="bbox 173 439 1328 2280">
    <p class='ocr_par' dir='ltr' id='par_1_2' title="bbox 173 439 1328 605">
     <span class='ocr_line' id='line_1_2' title="bbox 202 439 1328 516; baseline 0.014 -24"><span class='ocrx_word' id='word_1_4' title='bbox 202 439 330 510; x_wconf 73' lang='lat' dir='ltr'><strong>gegeben</strong></span> <span class='ocrx_word' id='word_1_5' title='bbox 345 457 401 502; x_wconf 84' lang='lat' dir='ltr'><strong>run</strong></span> <span class='ocrx_word' id='word_1_6' title='bbox 416 441 593 511; x_wconf 84' lang='lat' dir='ltr'><strong>Schauhert).</strong></span> <span class='ocrx_word' id='word_1_7' title='bbox 623 445 687 500; x_wconf 81' lang='lat' dir='ltr'><strong>Der</strong></span> <span class='ocrx_word' id='word_1_8' title='bbox 701 449 812 516; x_wconf 81' lang='lat' dir='ltr'><strong>griisste</strong></span> <span class='ocrx_word' id='word_1_9' title='bbox 826 445 908 502; x_wconf 84' lang='lat' dir='ltr'><strong>Theil</strong></span> <span class='ocrx_word' id='word_1_10' title='bbox 925 449 1018 502; x_wconf 87' lang='lat' dir='ltr'><strong>dieser</strong></span> <span class='ocrx_word' id='word_1_11' title='bbox 1037 447 1176 504; x_wconf 74' lang='lat' dir='ltr'><strong>Schriften</strong></span> <span class='ocrx_word' id='word_1_12' title='bbox 1194 453 1233 506; x_wconf 85' lang='lat' dir='ltr'><strong>ist</strong></span> <span class='ocrx_word' id='word_1_13' title='bbox 1252 453 1328 508; x_wconf 90' lang='lat' dir='ltr'><strong>ncch</strong></span> 
     </span>
     <span class='ocr_line' id='line_1_3' title="bbox 173 523 1326 605; baseline 0.01 -27"><span class='ocrx_word' id='word_1_14' title='bbox 173 528 177 536; x_wconf 87' lang='lat'><em>&#39;</em></span> <span class='ocrx_word' id='word_1_15' title='bbox 201 523 377 595; x_wconf 82' lang='lat' dir='ltr'><strong>blanuscript</strong></span> <span class='ocrx_word' id='word_1_16' title='bbox 392 529 450 581; x_wconf 89' lang='lat' dir='ltr'><strong>und</strong></span> <span class='ocrx_word' id='word_1_17' title='bbox 467 528 560 602; x_wconf 69' lang='lat' dir='ltr'><strong>durite</strong></span> <span class='ocrx_word' id='word_1_18' title='bbox 578 528 650 583; x_wconf 83' lang='lat' dir='ltr'><strong>auch</strong></span> <span class='ocrx_word' id='word_1_19' title='bbox 667 529 832 584; x_wconf 84' lang='lat' dir='ltr'><strong>schwerlich</strong></span> <span class='ocrx_word' id='word_1_20' title='bbox 850 532 949 586; x_wconf 86' lang='lat' dir='ltr'><strong>schald</strong></span> <span class='ocrx_word' id='word_1_21' title='bbox 967 536 1049 588; x_wconf 86' lang='lat' dir='ltr'><strong>einen</strong></span> <span class='ocrx_word' id='word_1_22' title='bbox 1066 535 1204 605; x_wconf 84' lang='lat' dir='ltr'><strong>Verleger</strong></span> <span class='ocrx_word' id='word_1_23' title='bbox 1221 538 1326 592; x_wconf 83' lang='lat' dir='ltr'><strong>finden.</strong></span> 
     </span>
    </p>

    <p class='ocr_par' dir='ltr' id='par_1_3' title="bbox 194 609 1328 1696">
     <span class='ocr_line' id='line_1_4' title="bbox 212 609 1326 688; baseline 0.013 -27"><span class='ocrx_word' id='word_1_24' title='bbox 212 647 215 654; x_wconf 39' lang='grc' dir='ltr'>ι</span> <span class='ocrx_word' id='word_1_25' title='bbox 264 609 400 666; x_wconf 80' lang='lat' dir='ltr'><strong>Hearicac</strong></span> <span class='ocrx_word' id='word_1_26' title='bbox 416 613 451 667; x_wconf 91' lang='lat' dir='ltr'><strong>de</strong></span> <span class='ocrx_word' id='word_1_27' title='bbox 472 611 591 679; x_wconf 73' lang='lat' dir='ltr'><strong>Hostia,</strong></span> <span class='ocrx_word' id='word_1_28' title='bbox 609 618 659 668; x_wconf 87' lang='lat' dir='ltr'><strong>ruit</strong></span> <span class='ocrx_word' id='word_1_29' title='bbox 678 619 784 675; x_wconf 83' lang='lat' dir='ltr'><strong>selueru</strong></span> <span class='ocrx_word' id='word_1_30' title='bbox 803 617 989 686; x_wconf 82' lang='lat' dir='ltr'><strong>cigentliehen</strong></span> <span class='ocrx_word' id='word_1_31' title='bbox 1003 619 1111 672; x_wconf 82' lang='lat' dir='ltr'><strong>Numen</strong></span> <span class='ocrx_word' id='word_1_32' title='bbox 1126 620 1326 688; x_wconf 55' lang='lat' dir='ltr'><strong>[iungentium.</strong></span> 
     </span>
     <span class='ocr_line' id='line_1_5' title="bbox 199 694 1328 768; baseline 0.009 -20"><span class='ocrx_word' id='word_1_33' title='bbox 199 694 341 764; x_wconf 80' lang='lat' dir='ltr'><strong>gebcrner</strong></span> <span class='ocrx_word' id='word_1_34' title='bbox 351 697 459 763; x_wconf 75' lang='lat' dir='ltr'><strong>Hense,</strong></span> <span class='ocrx_word' id='word_1_35' title='bbox 483 697 600 768; x_wconf 76' lang='lat' dir='ltr'><strong>gehbrte</strong></span> <span class='ocrx_word' id='word_1_36' title='bbox 617 715 654 752; x_wconf 91' lang='grc' dir='ltr'><strong>ιιι</strong></span> <span class='ocrx_word' id='word_1_37' title='bbox 672 699 725 752; x_wconf 91' lang='lat' dir='ltr'><strong>den</strong></span> <span class='ocrx_word' id='word_1_38' title='bbox 744 700 1024 768; x_wconf 81' lang='lat' dir='ltr'><strong>ausgezcichnetsten</strong></span> <span class='ocrx_word' id='word_1_39' title='bbox 1040 702 1169 756; x_wconf 84' lang='lat' dir='ltr'><strong>Lehrern</strong></span> <span class='ocrx_word' id='word_1_40' title='bbox 1191 705 1243 756; x_wconf 91' lang='lat' dir='ltr'><strong>der</strong></span> <span class='ocrx_word' id='word_1_41' title='bbox 1261 707 1328 760; x_wconf 89' lang='lat' dir='ltr'><strong>Scr-</strong></span> 
     </span>
     <span class='ocr_line' id='line_1_6' title="bbox 199 776 1326 860; baseline 0.009 -28"><span class='ocrx_word' id='word_1_42' title='bbox 199 776 293 834; x_wconf 88' lang='lat' dir='ltr'><strong>bcnne</strong></span> <span class='ocrx_word' id='word_1_43' title='bbox 314 795 350 842; x_wconf 85' lang='grc' dir='ltr'><strong>ιιι</strong></span> <span class='ocrx_word' id='word_1_44' title='bbox 365 779 447 838; x_wconf 84' lang='lat' dir='ltr'><strong>Paris</strong></span> <span class='ocrx_word' id='word_1_45' title='bbox 469 783 527 836; x_wconf 92' lang='lat' dir='ltr'><strong>und</strong></span> <span class='ocrx_word' id='word_1_46' title='bbox 550 783 601 838; x_wconf 90' lang='lat' dir='ltr'><strong>der</strong></span> <span class='ocrx_word' id='word_1_47' title='bbox 623 781 834 853; x_wconf 80' lang='lat' dir='ltr'><strong>theologischen</strong></span> <span class='ocrx_word' id='word_1_48' title='bbox 849 783 980 838; x_wconf 77' lang='lat' dir='ltr'><strong>Facultdt</strong></span> <span class='ocrx_word' id='word_1_49' title='bbox 995 803 1030 840; x_wconf 90' lang='grc' dir='ltr'><strong>ιιι</strong></span> <span class='ocrx_word' id='word_1_50' title='bbox 1049 789 1138 840; x_wconf 84' lang='lat' dir='ltr'><strong>Wien.</strong></span> <span class='ocrx_word' id='word_1_51' title='bbox 1177 786 1326 860; x_wconf 86' lang='lat' dir='ltr'><strong>Nachdem</strong></span> 
     </span>
     <span class='ocr_line' id='line_1_7' title="bbox 200 865 1324 942; baseline 0.005 -22"><span class='ocrx_word' id='word_1_52' title='bbox 200 880 232 920; x_wconf 83' lang='lat' dir='ltr'><strong>or</strong></span> <span class='ocrx_word' id='word_1_53' title='bbox 255 867 285 916; x_wconf 93' lang='lat' dir='ltr'><strong>in</strong></span> <span class='ocrx_word' id='word_1_54' title='bbox 307 872 431 922; x_wconf 83' lang='lat' dir='ltr'><strong>ersterer</strong></span> <span class='ocrx_word' id='word_1_55' title='bbox 450 866 547 931; x_wconf 85' lang='lat' dir='ltr'><strong>Stadt,</strong></span> <span class='ocrx_word' id='word_1_56' title='bbox 571 869 705 922; x_wconf 84' lang='lat' dir='ltr'><strong>woselbst</strong></span> <span class='ocrx_word' id='word_1_57' title='bbox 729 883 761 920; x_wconf 94' lang='lat' dir='ltr'><strong>er</strong></span> <span class='ocrx_word' id='word_1_58' title='bbox 785 865 855 920; x_wconf 86' lang='lat' dir='ltr'><strong>auch</strong></span> <span class='ocrx_word' id='word_1_59' title='bbox 873 868 1012 938; x_wconf 81' lang='lat' dir='ltr'><strong>Magister</strong></span> <span class='ocrx_word' id='word_1_60' title='bbox 1034 870 1203 940; x_wconf 76' lang='lat' dir='ltr'><strong>geworden,</strong></span> <span class='ocrx_word' id='word_1_61' title='bbox 1232 874 1324 942; x_wconf 84' lang='lat' dir='ltr'><strong>einige</strong></span> 
     </span>
     <span class='ocr_line' id='line_1_8' title="bbox 198 946 1326 1016; baseline 0.008 -15"><span class='ocrx_word' id='word_1_62' title='bbox 198 947 260 1002; x_wconf 73' lang='lat' dir='ltr'><strong>zen</strong></span> <span class='ocrx_word' id='word_1_63' title='bbox 277 946 415 1004; x_wconf 88' lang='lat' dir='ltr'><strong>blndurcb</strong></span> <span class='ocrx_word' id='word_1_64' title='bbox 431 951 476 1006; x_wconf 90' lang='lat' dir='ltr'><strong>die</strong></span> <span class='ocrx_word' id='word_1_65' title='bbox 490 951 596 1014; x_wconf 78' lang='lat' dir='ltr'><strong>Witrde</strong></span> <span class='ocrx_word' id='word_1_66' title='bbox 615 955 694 1006; x_wconf 87' lang='lat' dir='ltr'><strong>eines</strong></span> <span class='ocrx_word' id='word_1_67' title='bbox 708 951 938 1006; x_wconf 82' lang='lat' dir='ltr'><strong>llice-Kaualcrs</strong></span> <span class='ocrx_word' id='word_1_68' title='bbox 956 955 1008 1007; x_wconf 88' lang='lat' dir='ltr'><strong>der</strong></span> <span class='ocrx_word' id='word_1_69' title='bbox 1021 955 1202 1009; x_wconf 81' lang='lat' dir='ltr'><strong>Hcchschule</strong></span> <span class='ocrx_word' id='word_1_70' title='bbox 1219 955 1326 1016; x_wconf 86' lang='lat' dir='ltr'><strong>heklei-</strong></span> 
     </span>
     <span class='ocr_line' id='line_1_9' title="bbox 199 1032 1325 1106; baseline 0.004 -18"><span class='ocrx_word' id='word_1_71' title='bbox 199 1033 248 1091; x_wconf 86' lang='lat' dir='ltr'><strong>det</strong></span> <span class='ocrx_word' id='word_1_72' title='bbox 263 1032 352 1100; x_wconf 83' lang='lat' dir='ltr'><strong>hatte,</strong></span> <span class='ocrx_word' id='word_1_73' title='bbox 372 1050 427 1106; x_wconf 78' lang='lat' dir='ltr'><strong>aug</strong></span> <span class='ocrx_word' id='word_1_74' title='bbox 444 1052 474 1092; x_wconf 89' lang='lat' dir='ltr'><strong>er</strong></span> <span class='ocrx_word' id='word_1_75' title='bbox 495 1052 526 1094; x_wconf 83' lang='lat' dir='ltr'><strong>ee</strong></span> <span class='ocrx_word' id='word_1_76' title='bbox 543 1052 603 1100; x_wconf 83' lang='lat' dir='ltr'><strong>ror,</strong></span> <span class='ocrx_word' id='word_1_77' title='bbox 622 1052 659 1092; x_wconf 89' lang='grc' dir='ltr'><strong>ιιι</strong></span> <span class='ocrx_word' id='word_1_78' title='bbox 678 1037 799 1100; x_wconf 86' lang='lat' dir='ltr'><strong>Wurms,</strong></span> <span class='ocrx_word' id='word_1_79' title='bbox 818 1039 845 1089; x_wconf 92' lang='lat' dir='ltr'><strong>in</strong></span> <span class='ocrx_word' id='word_1_80' title='bbox 865 1037 916 1096; x_wconf 87' lang='lat' dir='ltr'><strong>der</strong></span> <span class='ocrx_word' id='word_1_81' title='bbox 935 1038 1116 1106; x_wconf 82' lang='lat' dir='ltr'><strong>Eigenschast</strong></span> <span class='ocrx_word' id='word_1_82' title='bbox 1136 1041 1180 1092; x_wconf 84' lang='lat' dir='ltr'><strong>als</strong></span> <span class='ocrx_word' id='word_1_83' title='bbox 1196 1040 1325 1094; x_wconf 85' lang='lat' dir='ltr'><strong>Priester</strong></span> 
     </span>
     <span class='ocr_line' id='line_1_10' title="bbox 198 1118 1324 1195; baseline 0.005 -21"><span class='ocrx_word' id='word_1_84' title='bbox 198 1119 256 1175; x_wconf 80' lang='lat' dir='ltr'><strong>und</strong></span> <span class='ocrx_word' id='word_1_85' title='bbox 272 1118 429 1185; x_wconf 85' lang='lat' dir='ltr'><strong>Dcmherr,</strong></span> <span class='ocrx_word' id='word_1_86' title='bbox 453 1118 746 1182; x_wconf 81' lang='lat' dir='ltr'><strong>schriitstellerischen</strong></span> <span class='ocrx_word' id='word_1_87' title='bbox 764 1120 1019 1192; x_wconf 76' lang='lat' dir='ltr'><strong>Beschdltigungea</strong></span> <span class='ocrx_word' id='word_1_88' title='bbox 1042 1123 1271 1195; x_wconf 81' lang='lat' dir='ltr'><strong>aussehliesslich</strong></span> <span class='ocrx_word' id='word_1_89' title='bbox 1288 1141 1324 1180; x_wconf 89' lang='grc' dir='ltr'><strong>ιιι</strong></span> 
     </span>
     <span class='ocr_line' id='line_1_11' title="bbox 194 1199 1326 1273; baseline 0.005 -17"><span class='ocrx_word' id='word_1_90' title='bbox 194 1199 310 1256; x_wconf 53' lang='grc' dir='ltr'>ἥδοι’</span> <span class='ocrx_word' id='word_1_91' title='bbox 332 1203 493 1262; x_wconf 77' lang='lat' dir='ltr'><strong>(lliuzende</strong></span> <span class='ocrx_word' id='word_1_92' title='bbox 512 1203 679 1258; x_wconf 79' lang='lat' dir='ltr'><strong>dussichten</strong></span> <span class='ocrx_word' id='word_1_93' title='bbox 699 1204 803 1273; x_wconf 84' lang='lat' dir='ltr'><strong>jedcch</strong></span> <span class='ocrx_word' id='word_1_94' title='bbox 827 1207 885 1258; x_wconf 87' lang='lat' dir='ltr'><strong>und</strong></span> <span class='ocrx_word' id='word_1_95' title='bbox 908 1212 1034 1260; x_wconf 75' lang='lat' dir='ltr'><strong>dusserst</strong></span> <span class='ocrx_word' id='word_1_96' title='bbox 1052 1207 1255 1262; x_wconf 83' lang='lat' dir='ltr'><strong>uortheilhafte</strong></span> <span class='ocrx_word' id='word_1_97' title='bbox 1272 1211 1326 1262; x_wconf 90' lang='lat' dir='ltr'><strong>Be·</strong></span> 
     </span>
     <span class='ocr_line' id='line_1_12' title="bbox 198 1285 1325 1362; baseline 0.005 -22"><span class='ocrx_word' id='word_1_98' title='bbox 198 1285 358 1358; x_wconf 81' lang='lat' dir='ltr'><strong>dingungen</strong></span> <span class='ocrx_word' id='word_1_99' title='bbox 375 1304 430 1341; x_wconf 81' lang='lat' dir='ltr'><strong>ron</strong></span> <span class='ocrx_word' id='word_1_100' title='bbox 448 1285 525 1342; x_wconf 89' lang='lat' dir='ltr'><strong>Scite</strong></span> <span class='ocrx_word' id='word_1_101' title='bbox 549 1290 601 1342; x_wconf 86' lang='lat' dir='ltr'><strong>der</strong></span> <span class='ocrx_word' id='word_1_102' title='bbox 619 1288 869 1345; x_wconf 75' lang='lat' dir='ltr'><strong>osterreichischen</strong></span> <span class='ocrx_word' id='word_1_103' title='bbox 885 1290 1047 1362; x_wconf 77' lang='lat' dir='ltr'><strong>Regiorung</strong></span> <span class='ocrx_word' id='word_1_104' title='bbox 1063 1293 1121 1344; x_wconf 88' lang='lat' dir='ltr'><strong>und</strong></span> <span class='ocrx_word' id='word_1_105' title='bbox 1139 1295 1192 1346; x_wconf 86' lang='lat' dir='ltr'><strong>der</strong></span> <span class='ocrx_word' id='word_1_106' title='bbox 1209 1295 1325 1346; x_wconf 78' lang='lat' dir='ltr'>Wiener</span> 
     </span>
     <span class='ocr_line' id='line_1_13' title="bbox 196 1369 1324 1446; baseline 0.004 -20"><span class='ocrx_word' id='word_1_107' title='bbox 196 1369 367 1432; x_wconf 79' lang='lat' dir='ltr'><strong>liniversititt</strong></span> <span class='ocrx_word' id='word_1_108' title='bbox 389 1372 570 1436; x_wconf 68' lang='lat' dir='ltr'><strong>bestimmten</strong></span> <span class='ocrx_word' id='word_1_109' title='bbox 593 1372 657 1440; x_wconf 87' lang='lat' dir='ltr'><strong>ihn,</strong></span> <span class='ocrx_word' id='word_1_110' title='bbox 683 1375 747 1428; x_wconf 89' lang='lat' dir='ltr'><strong>dem</strong></span> <span class='ocrx_word' id='word_1_111' title='bbox 764 1373 835 1426; x_wconf 80' lang='lat' dir='ltr'><strong>Rufe</strong></span> <span class='ocrx_word' id='word_1_112' title='bbox 860 1373 945 1426; x_wconf 89' lang='lat' dir='ltr'><strong>dahin</strong></span> <span class='ocrx_word' id='word_1_113' title='bbox 968 1390 1005 1428; x_wconf 87' lang='grc' dir='ltr'><strong>ιιι</strong></span> <span class='ocrx_word' id='word_1_114' title='bbox 1030 1375 1135 1446; x_wconf 80' lang='lat' dir='ltr'><strong>fulgen.</strong></span> <span class='ocrx_word' id='word_1_115' title='bbox 1177 1376 1261 1430; x_wconf 89' lang='lat' dir='ltr'><strong>Noeh</strong></span> <span class='ocrx_word' id='word_1_116' title='bbox 1284 1381 1324 1430; x_wconf 88' lang='lat' dir='ltr'><strong>im</strong></span> 
     </span>
     <span class='ocr_line' id='line_1_14' title="bbox 196 1455 1324 1526; baseline 0.002 -14"><span class='ocrx_word' id='word_1_117' title='bbox 196 1455 325 1526; x_wconf 71' lang='lat' dir='ltr'><strong>gleichen</strong></span> <span class='ocrx_word' id='word_1_118' title='bbox 348 1455 433 1520; x_wconf 83' lang='lat' dir='ltr'><strong>Jahre</strong></span> <span class='ocrx_word' id='word_1_119' title='bbox 456 1457 548 1524; x_wconf 78' lang='lat'><strong>(1397.</strong></span> <span class='ocrx_word' id='word_1_120' title='bbox 574 1456 616 1512; x_wconf 92' lang='lat' dir='ltr'><strong>ll.</strong></span> <span class='ocrx_word' id='word_1_121' title='bbox 641 1458 736 1523; x_wconf 86' lang='lat' dir='ltr'><strong>Febr.)</strong></span> <span class='ocrx_word' id='word_1_122' title='bbox 763 1459 841 1512; x_wconf 84' lang='lat' dir='ltr'><strong>starb</strong></span> <span class='ocrx_word' id='word_1_123' title='bbox 867 1473 899 1512; x_wconf 88' lang='lat' dir='ltr'><strong>er</strong></span> <span class='ocrx_word' id='word_1_124' title='bbox 922 1458 1057 1518; x_wconf 80' lang='lat' dir='ltr'><strong>daselbst.</strong></span> <span class='ocrx_word' id='word_1_125' title='bbox 1096 1462 1136 1514; x_wconf 88' lang='lat' dir='ltr'><strong>Er</strong></span> <span class='ocrx_word' id='word_1_126' title='bbox 1160 1459 1324 1517; x_wconf 88' lang='lat' dir='ltr'><strong>hinterliess</strong></span> 
     </span>
     <span class='ocr_line' id='line_1_15' title="bbox 196 1539 1324 1616; baseline 0.002 -20"><span class='ocrx_word' id='word_1_127' title='bbox 196 1539 405 1604; x_wconf 84' lang='lat' dir='ltr'><strong>nachetebeude</strong></span> <span class='ocrx_word' id='word_1_128' title='bbox 423 1539 579 1608; x_wconf 76' lang='lat' dir='ltr'><strong>Schriften,</strong></span> <span class='ocrx_word' id='word_1_129' title='bbox 603 1541 655 1596; x_wconf 83' lang='lat' dir='ltr'><strong>aui</strong></span> <span class='ocrx_word' id='word_1_130' title='bbox 678 1543 765 1598; x_wconf 88' lang='lat' dir='ltr'><strong>deren</strong></span> <span class='ocrx_word' id='word_1_131' title='bbox 791 1541 909 1596; x_wconf 88' lang='lat' dir='ltr'><strong>manche</strong></span> <span class='ocrx_word' id='word_1_132' title='bbox 931 1546 961 1596; x_wconf 89' lang='lat' dir='ltr'><strong>in</strong></span> <span class='ocrx_word' id='word_1_133' title='bbox 985 1545 1041 1599; x_wconf 88' lang='lat' dir='ltr'><strong>den</strong></span> <span class='ocrx_word' id='word_1_134' title='bbox 1057 1547 1110 1616; x_wconf 87' lang='lat' dir='ltr'><strong>Ep.</strong></span> <span class='ocrx_word' id='word_1_135' title='bbox 1134 1547 1215 1600; x_wconf 85' lang='lat' dir='ltr'><strong>obse.</strong></span> <span class='ocrx_word' id='word_1_136' title='bbox 1238 1549 1324 1600; x_wconf 75' lang='lat' dir='ltr'><strong>viror.</strong></span> 
     </span>
     <span class='ocr_line' id='line_1_16' title="bbox 196 1621 871 1696; baseline -0.001 -18"><span class='ocrx_word' id='word_1_137' title='bbox 196 1621 290 1694; x_wconf 76' lang='lat' dir='ltr'><strong>benig</strong></span> <span class='ocrx_word' id='word_1_138' title='bbox 308 1624 366 1679; x_wconf 82' lang='lat' dir='ltr'><strong>sich</strong></span> <span class='ocrx_word' id='word_1_139' title='bbox 387 1627 513 1696; x_wconf 81' lang='lat' dir='ltr'><strong>bencgen</strong></span> <span class='ocrx_word' id='word_1_140' title='bbox 531 1627 589 1678; x_wconf 93' lang='lat' dir='ltr'><strong>und</strong></span> <span class='ocrx_word' id='word_1_141' title='bbox 606 1628 764 1696; x_wconf 83' lang='lat' dir='ltr'><strong>engespielt</strong></span> <span class='ocrx_word' id='word_1_142' title='bbox 780 1625 871 1678; x_wconf 59' lang='lat' dir='ltr'><strong>winde*</strong></span> 
     </span>
    </p>

    <p class='ocr_par' dir='ltr' id='par_1_4' title="bbox 189 1710 1325 2280">
     <span class='ocr_line' id='line_1_17' title="bbox 210 1710 1324 1780; baseline 0.002 -14"><span class='ocrx_word' id='word_1_143' title='bbox 210 1757 214 1766; x_wconf 88' lang='grc'>.</span> <span class='ocrx_word' id='word_1_144' title='bbox 259 1710 478 1765; x_wconf 75' lang='lat' dir='ltr'><strong>vocabularium</strong></span> <span class='ocrx_word' id='word_1_145' title='bbox 494 1711 645 1780; x_wconf 87' lang='lat' dir='ltr'><strong>publicum.</strong></span> <span class='ocrx_word' id='word_1_146' title='bbox 668 1740 703 1753; x_wconf 86' lang='lat'><em>-</em></span> <span class='ocrx_word' id='word_1_147' title='bbox 738 1712 913 1780; x_wconf 81' lang='lat' dir='ltr'><strong>colloquium</strong></span> <span class='ocrx_word' id='word_1_148' title='bbox 932 1712 968 1766; x_wconf 88' lang='lat' dir='ltr'><strong>de</strong></span> <span class='ocrx_word' id='word_1_149' title='bbox 985 1717 1095 1768; x_wconf 85' lang='lat' dir='ltr'><strong>animae</strong></span> <span class='ocrx_word' id='word_1_150' title='bbox 1112 1715 1324 1768; x_wconf 88' lang='lat' dir='ltr'><strong>conditionibus</strong></span> 
     </span>
     <span class='ocr_line' id='line_1_18' title="bbox 197 1793 1325 1868; baseline 0.002 -20"><span class='ocrx_word' id='word_1_151' title='bbox 197 1793 391 1864; x_wconf 82' lang='lat' dir='ltr'><strong>(Scllluquium</strong></span> <span class='ocrx_word' id='word_1_152' title='bbox 410 1797 520 1848; x_wconf 86' lang='lat' dir='ltr'><strong>animae</strong></span> <span class='ocrx_word' id='word_1_153' title='bbox 538 1795 607 1849; x_wconf 81' lang='lat' dir='ltr'><strong>oder</strong></span> <span class='ocrx_word' id='word_1_154' title='bbox 623 1797 770 1864; x_wconf 85' lang='lat' dir='ltr'><strong>speculum</strong></span> <span class='ocrx_word' id='word_1_155' title='bbox 786 1797 918 1864; x_wconf 81' lang='lat' dir='ltr'><strong>animae).</strong></span> <span class='ocrx_word' id='word_1_156' title='bbox 939 1825 973 1837; x_wconf 94' lang='lat'><em>-</em></span> <span class='ocrx_word' id='word_1_157' title='bbox 1006 1799 1050 1851; x_wconf 89' lang='lat' dir='ltr'><strong>De</strong></span> <span class='ocrx_word' id='word_1_158' title='bbox 1067 1804 1191 1868; x_wconf 85' lang='lat' dir='ltr'><strong>quatuor</strong></span> <span class='ocrx_word' id='word_1_159' title='bbox 1208 1801 1325 1852; x_wconf 84' lang='lat' dir='ltr'><strong>novissi-</strong></span> 
     </span>
     <span class='ocr_line' id='line_1_19' title="bbox 196 1878 1324 1949; baseline 0.007 -21"><span class='ocrx_word' id='word_1_160' title='bbox 196 1879 264 1942; x_wconf 86' lang='lat' dir='ltr'><strong>mis,</strong></span> <span class='ocrx_word' id='word_1_161' title='bbox 291 1895 314 1930; x_wconf 88' lang='lat' dir='ltr'><strong>s.</strong></span> <span class='ocrx_word' id='word_1_162' title='bbox 338 1878 471 1933; x_wconf 86' lang='lat' dir='ltr'><strong>cordiale.</strong></span> <span class='ocrx_word' id='word_1_163' title='bbox 494 1907 528 1920; x_wconf 85' lang='lat'><strong>·-</strong></span> <span class='ocrx_word' id='word_1_164' title='bbox 568 1880 613 1934; x_wconf 83' lang='lat' dir='ltr'><strong>De</strong></span> <span class='ocrx_word' id='word_1_165' title='bbox 639 1888 710 1934; x_wconf 88' lang='lat' dir='ltr'><strong>arte.</strong></span> <span class='ocrx_word' id='word_1_166' title='bbox 724 1880 915 1949; x_wconf 85' lang='lat' dir='ltr'><strong>praedicandi.</strong></span> <span class='ocrx_word' id='word_1_167' title='bbox 939 1909 972 1922; x_wconf 94' lang='lat'>-</span> <span class='ocrx_word' id='word_1_168' title='bbox 1005 1881 1192 1938; x_wconf 87' lang='lat' dir='ltr'><strong>Sacerdotum</strong></span> <span class='ocrx_word' id='word_1_169' title='bbox 1210 1889 1324 1936; x_wconf 86' lang='lat' dir='ltr'><strong>secreta</strong></span> 
     </span>
     <span class='ocr_line' id='line_1_20' title="bbox 189 1963 1324 2036; baseline 0.004 -21"><span class='ocrx_word' id='word_1_170' title='bbox 189 1963 272 2015; x_wconf 54' lang='lat' dir='ltr'><strong>&gt;cirea</strong></span> <span class='ocrx_word' id='word_1_171' title='bbox 288 1965 411 2016; x_wconf 87' lang='lat' dir='ltr'><strong>missam.</strong></span> <span class='ocrx_word' id='word_1_172' title='bbox 428 1990 463 2010; x_wconf 58' lang='grc' dir='ltr'><strong>-ε</strong></span> <span class='ocrx_word' id='word_1_173' title='bbox 488 1963 655 2030; x_wconf 80' lang='lat' dir='ltr'><strong>Explanatic</strong></span> <span class='ocrx_word' id='word_1_174' title='bbox 676 1968 795 2019; x_wconf 86' lang='lat' dir='ltr'><strong>oration.</strong></span> <span class='ocrx_word' id='word_1_175' title='bbox 813 1966 971 2024; x_wconf 76' lang='lat' dir='ltr'><strong>dominicae</strong></span> <span class='ocrx_word' id='word_1_176' title='bbox 989 1973 1018 2019; x_wconf 90' lang='lat' dir='ltr'><strong>et</strong></span> <span class='ocrx_word' id='word_1_177' title='bbox 1036 1969 1065 2018; x_wconf 91' lang='lat' dir='ltr'><strong>iu</strong></span> <span class='ocrx_word' id='word_1_178' title='bbox 1082 1969 1199 2022; x_wconf 84' lang='lat' dir='ltr'><strong>salutat·</strong></span> <span class='ocrx_word' id='word_1_179' title='bbox 1217 1968 1324 2036; x_wconf 83' lang='lat' dir='ltr'><strong>angeli-</strong></span> 
     </span>
     <span class='ocr_line' id='line_1_21' title="bbox 197 2048 1323 2106; baseline 0.004 -8"><span class='ocrx_word' id='word_1_180' title='bbox 197 2061 259 2100; x_wconf 87' lang='lat' dir='ltr'><strong>cam</strong></span> <span class='ocrx_word' id='word_1_181' title='bbox 277 2063 299 2098; x_wconf 87' lang='lat' dir='ltr'><strong>s.</strong></span> <span class='ocrx_word' id='word_1_182' title='bbox 314 2049 371 2101; x_wconf 78' lang='lat' dir='ltr'><strong>Ave</strong></span> <span class='ocrx_word' id='word_1_183' title='bbox 385 2048 486 2102; x_wconf 87' lang='lat' dir='ltr'><strong>Maria.</strong></span> <span class='ocrx_word' id='word_1_184' title='bbox 502 2076 540 2088; x_wconf 89' lang='lat'><strong>-</strong></span> <span class='ocrx_word' id='word_1_185' title='bbox 562 2049 659 2102; x_wconf 87' lang='lat' dir='ltr'><strong>Sermo</strong></span> <span class='ocrx_word' id='word_1_186' title='bbox 676 2051 704 2100; x_wconf 91' lang='lat' dir='ltr'><strong>in</strong></span> <span class='ocrx_word' id='word_1_187' title='bbox 721 2048 793 2106; x_wconf 78' lang='lat' dir='ltr'><strong>teste</strong></span> <span class='ocrx_word' id='word_1_188' title='bbox 808 2050 928 2104; x_wconf 79' lang='lat' dir='ltr'><strong>lanceae</strong></span> <span class='ocrx_word' id='word_1_189' title='bbox 946 2055 976 2103; x_wconf 87' lang='lat' dir='ltr'><strong>et</strong></span> <span class='ocrx_word' id='word_1_190' title='bbox 992 2052 1134 2104; x_wconf 84' lang='lat' dir='ltr'><strong>clavorum</strong></span> <span class='ocrx_word' id='word_1_191' title='bbox 1147 2053 1274 2105; x_wconf 89' lang='lat' dir='ltr'><strong>Domini.</strong></span> <span class='ocrx_word' id='word_1_192' title='bbox 1287 2078 1323 2092; x_wconf 92' lang='lat'>-</span> 
     </span>
     <span class='ocr_line' id='line_1_22' title="bbox 195 2131 1323 2204; baseline 0 -18"><span class='ocrx_word' id='word_1_193' title='bbox 195 2131 320 2200; x_wconf 83' lang='lat' dir='ltr'><strong>Regulae</strong></span> <span class='ocrx_word' id='word_1_194' title='bbox 340 2132 377 2191; x_wconf 80' lang='lat' dir='ltr'><strong>ad</strong></span> <span class='ocrx_word' id='word_1_195' title='bbox 394 2131 607 2193; x_wconf 82' lang='lat' dir='ltr'><strong>discernendum</strong></span> <span class='ocrx_word' id='word_1_196' title='bbox 624 2135 744 2194; x_wconf 82' lang='lat' dir='ltr'><strong>mortale</strong></span> <span class='ocrx_word' id='word_1_197' title='bbox 762 2139 910 2204; x_wconf 88' lang='lat' dir='ltr'><strong>peccatum</strong></span> <span class='ocrx_word' id='word_1_198' title='bbox 928 2149 945 2184; x_wconf 87' lang='lat' dir='ltr'><strong>a</strong></span> <span class='ocrx_word' id='word_1_199' title='bbox 961 2134 1073 2186; x_wconf 82' lang='lat' dir='ltr'><strong>veniali.</strong></span> <span class='ocrx_word' id='word_1_200' title='bbox 1098 2164 1134 2176; x_wconf 88' lang='lat'><em>-</em></span> <span class='ocrx_word' id='word_1_201' title='bbox 1165 2137 1212 2188; x_wconf 89' lang='lat' dir='ltr'><strong>De</strong></span> <span class='ocrx_word' id='word_1_202' title='bbox 1230 2136 1323 2188; x_wconf 85' lang='lat' dir='ltr'><strong>erudi·</strong></span> 
     </span>
     <span class='ocr_line' id='line_1_23' title="bbox 195 2215 1323 2280; baseline 0 -10"><span class='ocrx_word' id='word_1_203' title='bbox 195 2217 273 2270; x_wconf 83' lang='lat' dir='ltr'><strong>tione</strong></span> <span class='ocrx_word' id='word_1_204' title='bbox 293 2215 536 2277; x_wconf 81' lang='lat' dir='ltr'><strong>confessariorum.</strong></span> <span class='ocrx_word' id='word_1_205' title='bbox 553 2244 589 2257; x_wconf 90' lang='lat'><em>-</em></span> <span class='ocrx_word' id='word_1_206' title='bbox 622 2219 809 2280; x_wconf 78' lang='lat' dir='ltr'><strong>Quaestiunes</strong></span> <span class='ocrx_word' id='word_1_207' title='bbox 825 2218 955 2270; x_wconf 79' lang='lat' dir='ltr'><strong>xxxiii.</strong></span> <span class='ocrx_word' id='word_1_208' title='bbox 972 2218 1007 2270; x_wconf 91' lang='lat' dir='ltr'><strong>de</strong></span> <span class='ocrx_word' id='word_1_209' title='bbox 1025 2221 1217 2273; x_wconf 84' lang='lat' dir='ltr'><strong>contractibus</strong></span> <span class='ocrx_word' id='word_1_210' title='bbox 1237 2226 1267 2270; x_wconf 89' lang='lat' dir='ltr'><strong>ct</strong></span> <span class='ocrx_word' id='word_1_211' title='bbox 1285 2219 1323 2270; x_wconf 89' lang='lat' dir='ltr'><strong>de</strong></span> 
     </span>
    </p>
   </div>
   <div class='ocr_carea' id='block_1_3' title="bbox 83 2298 1324 2380">
    <p class='ocr_par' dir='ltr' id='par_1_5' title="bbox 83 2298 1324 2380">
     <span class='ocr_line' id='line_1_24' title="bbox 83 2298 1324 2380; baseline -0.002 -26"><span class='ocrx_word' id='word_1_212' title='bbox 83 2361 90 2376; x_wconf 42' lang='lat'><strong>·</strong></span> <span class='ocrx_word' id='word_1_213' title='bbox 110 2371 114 2380; x_wconf 58' lang='lat'><strong>.</strong></span> <span class='ocrx_word' id='word_1_214' title='bbox 196 2299 295 2378; x_wconf 65' lang='lat' dir='ltr'><strong>cpdlnc</strong></span> <span class='ocrx_word' id='word_1_215' title='bbox 313 2313 453 2354; x_wconf 89' lang='lat' dir='ltr'><strong>censuum.</strong></span> <span class='ocrx_word' id='word_1_216' title='bbox 470 2329 506 2354; x_wconf 90' lang='lat'><strong>-.·-</strong></span> <span class='ocrx_word' id='word_1_217' title='bbox 537 2301 582 2354; x_wconf 89' lang='lat' dir='ltr'><strong>Dc</strong></span> <span class='ocrx_word' id='word_1_218' title='bbox 599 2303 675 2357; x_wconf 80' lang='lat' dir='ltr'><strong>uitiis</strong></span> <span class='ocrx_word' id='word_1_219' title='bbox 693 2307 722 2354; x_wconf 90' lang='lat' dir='ltr'><strong>et</strong></span> <span class='ocrx_word' id='word_1_220' title='bbox 740 2303 859 2355; x_wconf 90' lang='lat' dir='ltr'><strong>errorib.</strong></span> <span class='ocrx_word' id='word_1_221' title='bbox 878 2303 1074 2372; x_wconf 79' lang='lat' dir='ltr'><strong>spiritualium.</strong></span> <span class='ocrx_word' id='word_1_222' title='bbox 1092 2298 1138 2344; x_wconf 83' lang='lat'><strong>—&#39;</strong></span> <span class='ocrx_word' id='word_1_223' title='bbox 1152 2301 1197 2353; x_wconf 92' lang='lat' dir='ltr'><strong>De</strong></span> <span class='ocrx_word' id='word_1_224' title='bbox 1217 2301 1324 2358; x_wconf 81' lang='lat' dir='ltr'><strong>disere.</strong></span> 
     </span>
    </p>
   </div>
   <div class='ocr_carea' id='block_1_4' title="bbox 139 2384 1323 4240">
    <p class='ocr_par' dir='ltr' id='par_1_6' title="bbox 139 2384 1323 4240">
     <span class='ocr_line' id='line_1_25' title="bbox 196 2384 1323 2454; baseline -0.002 -16"><span class='ocrx_word' id='word_1_225' title='bbox 196 2387 274 2445; x_wconf 85' lang='lat' dir='ltr'><strong>tione</strong></span> <span class='ocrx_word' id='word_1_226' title='bbox 298 2387 461 2454; x_wconf 79' lang='lat' dir='ltr'><strong>spirituum,</strong></span> <span class='ocrx_word' id='word_1_227' title='bbox 485 2400 508 2442; x_wconf 80' lang='lat' dir='ltr'><strong>t·</strong></span> <span class='ocrx_word' id='word_1_228' title='bbox 534 2384 569 2438; x_wconf 91' lang='lat' dir='ltr'><strong>de</strong></span> <span class='ocrx_word' id='word_1_229' title='bbox 592 2386 631 2440; x_wconf 91' lang='lat' dir='ltr'><strong>lV</strong></span> <span class='ocrx_word' id='word_1_230' title='bbox 648 2387 836 2454; x_wconf 82' lang='lat' dir='ltr'><strong>instinctibus.</strong></span> <span class='ocrx_word' id='word_1_231' title='bbox 864 2415 898 2428; x_wconf 88' lang='lat'><em>-</em></span> <span class='ocrx_word' id='word_1_232' title='bbox 931 2388 976 2440; x_wconf 88' lang='lat' dir='ltr'><strong>De</strong></span> <span class='ocrx_word' id='word_1_233' title='bbox 1000 2387 1086 2438; x_wconf 87' lang='lat' dir='ltr'><strong>verbo</strong></span> <span class='ocrx_word' id='word_1_234' title='bbox 1110 2388 1270 2438; x_wconf 86' lang='lat' dir='ltr'><strong>incarnato.</strong></span> <span class='ocrx_word' id='word_1_235' title='bbox 1289 2414 1323 2426; x_wconf 89' lang='lat'>-</span> 
     </span>
     <span class='ocr_line' id='line_1_26' title="bbox 196 2468 1323 2540; baseline -0.003 -16"><span class='ocrx_word' id='word_1_236' title='bbox 196 2469 348 2528; x_wconf 70' lang='lat' dir='ltr'><strong>Consilium</strong></span> <span class='ocrx_word' id='word_1_237' title='bbox 367 2471 454 2538; x_wconf 78' lang='lat' dir='ltr'><strong>pacis,</strong></span> <span class='ocrx_word' id='word_1_238' title='bbox 470 2499 505 2512; x_wconf 91' lang='lat'>—</span> <span class='ocrx_word' id='word_1_239' title='bbox 529 2469 667 2540; x_wconf 81' lang='lat' dir='ltr'><strong>Dialogus</strong></span> <span class='ocrx_word' id='word_1_240' title='bbox 683 2472 718 2524; x_wconf 89' lang='lat' dir='ltr'><strong>de</strong></span> <span class='ocrx_word' id='word_1_241' title='bbox 736 2469 896 2525; x_wconf 79' lang='lat' dir='ltr'><strong>schismate.</strong></span> <span class='ocrx_word' id='word_1_242' title='bbox 918 2471 982 2524; x_wconf 86' lang='lat' dir='ltr'><strong>Lib.</strong></span> <span class='ocrx_word' id='word_1_243' title='bbox 1000 2470 1110 2524; x_wconf 80' lang='lat' dir='ltr'><strong>advers.</strong></span> <span class='ocrx_word' id='word_1_244' title='bbox 1131 2468 1323 2537; x_wconf 89' lang='lat' dir='ltr'><strong>Thelesphcri</strong></span> 
     </span>
     <span class='ocr_line' id='line_1_27' title="bbox 195 2545 1323 2626; baseline 0 -20"><span class='ocrx_word' id='word_1_245' title='bbox 195 2555 328 2618; x_wconf 71' lang='lat' dir='ltr'><strong>vaticinia</strong></span> <span class='ocrx_word' id='word_1_246' title='bbox 345 2553 381 2616; x_wconf 81' lang='lat' dir='ltr'><strong>de</strong></span> <span class='ocrx_word' id='word_1_247' title='bbox 398 2554 503 2614; x_wconf 79' lang='lat' dir='ltr'><strong>ultimis</strong></span> <span class='ocrx_word' id='word_1_248' title='bbox 520 2557 669 2623; x_wconf 82' lang='lat' dir='ltr'><strong>temporib.</strong></span> <span class='ocrx_word' id='word_1_249' title='bbox 685 2582 720 2597; x_wconf 90' lang='lat'><em>-</em></span> <span class='ocrx_word' id='word_1_250' title='bbox 743 2545 832 2625; x_wconf 74' lang='lat' dir='ltr'><strong>Epist.</strong></span> <span class='ocrx_word' id='word_1_251' title='bbox 853 2557 938 2626; x_wconf 83' lang='lat' dir='ltr'><strong>pacis.</strong></span> <span class='ocrx_word' id='word_1_252' title='bbox 958 2581 994 2610; x_wconf 54' lang='lat' dir='ltr'><strong>-v</strong></span> <span class='ocrx_word' id='word_1_253' title='bbox 1024 2557 1130 2609; x_wconf 86' lang='lat' dir='ltr'><strong>Contra</strong></span> <span class='ocrx_word' id='word_1_254' title='bbox 1145 2553 1177 2606; x_wconf 87' lang='lat' dir='ltr'><strong>F.</strong></span> <span class='ocrx_word' id='word_1_255' title='bbox 1194 2554 1323 2620; x_wconf 39' lang='lat' dir='ltr'><strong>Fenicu-</strong></span> 
     </span>
     <span class='ocr_line' id='line_1_28' title="bbox 196 2639 1323 2708; baseline 0 -18"><span class='ocrx_word' id='word_1_256' title='bbox 196 2639 323 2701; x_wconf 80' lang='lat' dir='ltr'><strong>dicantes</strong></span> <span class='ocrx_word' id='word_1_257' title='bbox 342 2654 428 2708; x_wconf 80' lang='lat' dir='ltr'><strong>super</strong></span> <span class='ocrx_word' id='word_1_258' title='bbox 445 2641 628 2707; x_wconf 83' lang='lat' dir='ltr'><strong>conceptione</strong></span> <span class='ocrx_word' id='word_1_259' title='bbox 645 2639 675 2696; x_wconf 87' lang='lat' dir='ltr'><strong>S.</strong></span> <span class='ocrx_word' id='word_1_260' title='bbox 691 2640 811 2694; x_wconf 89' lang='lat' dir='ltr'><strong>Mariae.</strong></span> <span class='ocrx_word' id='word_1_261' title='bbox 827 2641 866 2698; x_wconf 74' lang='lat' dir='ltr'><strong>V:</strong></span> <span class='ocrx_word' id='word_1_262' title='bbox 883 2647 912 2694; x_wconf 91' lang='lat' dir='ltr'><strong>et</strong></span> <span class='ocrx_word' id='word_1_263' title='bbox 929 2648 1028 2692; x_wconf 88' lang='lat' dir='ltr'><strong>contra</strong></span> <span class='ocrx_word' id='word_1_264' title='bbox 1046 2639 1188 2693; x_wconf 84' lang='lat' dir='ltr'><strong>maculam&#39;</strong></span> <span class='ocrx_word' id='word_1_265' title='bbox 1204 2639 1234 2691; x_wconf 88' lang='lat' dir='ltr'><strong>S.</strong></span> <span class='ocrx_word' id='word_1_266' title='bbox 1252 2639 1323 2690; x_wconf 85' lang='lat' dir='ltr'><strong>Ber·</strong></span> 
     </span>
     <span class='ocr_line' id='line_1_29' title="bbox 195 2722 1323 2794; baseline -0.001 -19"><span class='ocrx_word' id='word_1_267' title='bbox 195 2723 285 2777; x_wconf 85' lang='lat' dir='ltr'><strong>nardo</strong></span> <span class='ocrx_word' id='word_1_268' title='bbox 299 2723 472 2787; x_wconf 82' lang='lat' dir='ltr'><strong>mendaciter</strong></span> <span class='ocrx_word' id='word_1_269' title='bbox 485 2726 654 2792; x_wconf 79' lang='lat' dir='ltr'><strong>impositam.</strong></span> <span class='ocrx_word' id='word_1_270' title='bbox 670 2754 704 2768; x_wconf 90' lang='lat'><em>-</em></span> <span class='ocrx_word' id='word_1_271' title='bbox 726 2727 770 2780; x_wconf 92' lang='lat' dir='ltr'><strong>De</strong></span> <span class='ocrx_word' id='word_1_272' title='bbox 783 2729 852 2780; x_wconf 81' lang='lat' dir='ltr'><strong>vitto</strong></span> <span class='ocrx_word' id='word_1_273' title='bbox 866 2727 1049 2794; x_wconf 83' lang='lat' dir='ltr'><strong>proprietatis</strong></span> <span class='ocrx_word' id='word_1_274' title='bbox 1064 2722 1273 2780; x_wconf 82' lang='lat' dir='ltr'><strong>monachorum.</strong></span> <span class='ocrx_word' id='word_1_275' title='bbox 1287 2751 1323 2766; x_wconf 90' lang='lat'>-</span> 
     </span>
     <span class='ocr_line' id='line_1_30' title="bbox 196 2807 1323 2886; baseline 0.001 -26"><span class='ocrx_word' id='word_1_276' title='bbox 196 2809 322 2872; x_wconf 70' lang='lat' dir='ltr'><strong>Tractat.</strong></span> <span class='ocrx_word' id='word_1_277' title='bbox 348 2811 377 2861; x_wconf 90' lang='lat' dir='ltr'><strong>iu</strong></span> <span class='ocrx_word' id='word_1_278' title='bbox 393 2807 575 2871; x_wconf 67' lang='lat' dir='ltr'><strong>alatnxlx.</strong></span> <span class='ocrx_word' id='word_1_279' title='bbox 592 2811 637 2862; x_wconf 76' lang='lat'><strong>2⁷.</strong></span> <span class='ocrx_word' id='word_1_280' title='bbox 660 2837 694 2852; x_wconf 87' lang='lat'><strong>·-·</strong></span> <span class='ocrx_word' id='word_1_281' title='bbox 729 2812 825 2869; x_wconf 86' lang='lat' dir='ltr'><strong>Tract.</strong></span> <span class='ocrx_word' id='word_1_282' title='bbox 849 2810 888 2862; x_wconf 65' lang='lat' dir='ltr'><strong>‘de</strong></span> <span class='ocrx_word' id='word_1_283' title='bbox 912 2810 996 2863; x_wconf 90' lang='lat' dir='ltr'><strong>modu</strong></span> <span class='ocrx_word' id='word_1_284' title='bbox 1022 2809 1233 2886; x_wconf 34' lang='lat' dir='ltr'><strong>celebrandiqet</strong></span> <span class='ocrx_word' id='word_1_285' title='bbox 1251 2811 1323 2861; x_wconf 87' lang='lat' dir='ltr'><strong>reci·</strong></span> 
     </span>
     <span class='ocr_line' id='line_1_31' title="bbox 195 2887 1321 2963; baseline -0.002 -16"><span class='ocrx_word' id='word_1_286' title='bbox 195 2895 291 2963; x_wconf 80' lang='lat' dir='ltr'><strong>piendi</strong></span> <span class='ocrx_word' id='word_1_287' title='bbox 317 2899 523 2957; x_wconf 68' lang='lat' dir='ltr'><strong>sacramentum</strong></span> <span class='ocrx_word' id='word_1_288' title='bbox 549 2892 745 2953; x_wconf 82' lang='lat' dir='ltr'><strong>eucharistiae.</strong></span> <span class='ocrx_word' id='word_1_289' title='bbox 772 2923 807 2934; x_wconf 88' lang='lat'>-</span> <span class='ocrx_word' id='word_1_290' title='bbox 846 2894 996 2950; x_wconf 88' lang='lat' dir='ltr'><strong>Meditatic</strong></span> <span class='ocrx_word' id='word_1_291' title='bbox 1020 2887 1151 2947; x_wconf 84' lang='lat' dir='ltr'><strong>devotam</strong></span> <span class='ocrx_word' id='word_1_292' title='bbox 1177 2897 1321 2946; x_wconf 84' lang='lat' dir='ltr'><strong>cantaturi</strong></span> 
     </span>
     <span class='ocr_line' id='line_1_32' title="bbox 195 2978 1322 3048; baseline 0 -18"><span class='ocrx_word' id='word_1_293' title='bbox 195 2980 320 3039; x_wconf 81' lang='lat' dir='ltr'><strong>missam.</strong></span> <span class='ocrx_word' id='word_1_294' title='bbox 343 3007 378 3020; x_wconf 92' lang='lat'>-</span> <span class='ocrx_word' id='word_1_295' title='bbox 410 2978 455 3031; x_wconf 88' lang='lat' dir='ltr'><strong>De</strong></span> <span class='ocrx_word' id='word_1_296' title='bbox 479 2978 603 3032; x_wconf 89' lang='lat' dir='ltr'><strong>moribus</strong></span> <span class='ocrx_word' id='word_1_297' title='bbox 628 2985 657 3037; x_wconf 94' lang='lat' dir='ltr'><strong>et</strong></span> <span class='ocrx_word' id='word_1_298' title='bbox 679 2980 738 3031; x_wconf 82' lang='lat' dir='ltr'><strong>vita</strong></span> <span class='ocrx_word' id='word_1_299' title='bbox 756 2981 953 3034; x_wconf 88' lang='lat' dir='ltr'><strong>canonicorum</strong></span> <span class='ocrx_word' id='word_1_300' title='bbox 976 2979 1099 3048; x_wconf 82' lang='lat' dir='ltr'><strong>regular.</strong></span> <span class='ocrx_word' id='word_1_301' title='bbox 1122 3003 1158 3018; x_wconf 86' lang='lat'><em>-</em></span> <span class='ocrx_word' id='word_1_302' title='bbox 1192 2978 1236 3031; x_wconf 89' lang='lat' dir='ltr'><strong>De</strong></span> <span class='ocrx_word' id='word_1_303' title='bbox 1260 2981 1322 3035; x_wconf 82' lang='lat' dir='ltr'><strong>vita</strong></span> 
     </span>
     <span class='ocr_line' id='line_1_33' title="bbox 195 3062 1321 3134; baseline 0.004 -20"><span class='ocrx_word' id='word_1_304' title='bbox 195 3063 339 3132; x_wconf 80' lang='lat' dir='ltr'><strong>religiosa,</strong></span> <span class='ocrx_word' id='word_1_305' title='bbox 360 3089 396 3113; x_wconf 57' lang='lat' dir='ltr'><strong>m·</strong></span> <span class='ocrx_word' id='word_1_306' title='bbox 428 3063 518 3134; x_wconf 87' lang='lat' dir='ltr'><strong>Epist.</strong></span> <span class='ocrx_word' id='word_1_307' title='bbox 539 3063 679 3132; x_wconf 75' lang='lat' dir='ltr'><strong>invective</strong></span> <span class='ocrx_word' id='word_1_308' title='bbox 702 3069 803 3117; x_wconf 87' lang='lat' dir='ltr'><strong>contra</strong></span> <span class='ocrx_word' id='word_1_309' title='bbox 820 3064 945 3117; x_wconf 87' lang='lat' dir='ltr'><strong>aemulus</strong></span> <span class='ocrx_word' id='word_1_310' title='bbox 969 3064 1047 3124; x_wconf 83' lang='lat' dir='ltr'><strong>cleri.</strong></span> <span class='ocrx_word' id='word_1_311' title='bbox 1072 3064 1106 3104; x_wconf 77' lang='grc'><strong>-’-</strong></span> <span class='ocrx_word' id='word_1_312' title='bbox 1145 3062 1191 3114; x_wconf 85' lang='lat' dir='ltr'><strong>De</strong></span> <span class='ocrx_word' id='word_1_313' title='bbox 1216 3063 1321 3118; x_wconf 86' lang='lat' dir='ltr'><strong>erudit.</strong></span> 
     </span>
     <span class='ocr_line' id='line_1_34' title="bbox 196 3133 1319 3218; baseline 0.003 -20"><span class='ocrx_word' id='word_1_314' title='bbox 196 3133 385 3204; x_wconf 78' lang='lat' dir='ltr'><strong>sacerdotum.</strong></span> <span class='ocrx_word' id='word_1_315' title='bbox 408 3177 444 3198; x_wconf 73' lang='lat'><strong>¹.-</strong></span> <span class='ocrx_word' id='word_1_316' title='bbox 483 3135 527 3200; x_wconf 85' lang='lat' dir='ltr'><strong>De</strong></span> <span class='ocrx_word' id='word_1_317' title='bbox 551 3147 646 3203; x_wconf 85' lang='lat' dir='ltr'><strong>muudi</strong></span> <span class='ocrx_word' id='word_1_318' title='bbox 670 3153 842 3216; x_wconf 90' lang='lat' dir='ltr'><strong>contemptu.</strong></span> <span class='ocrx_word' id='word_1_319' title='bbox 865 3175 901 3190; x_wconf 89' lang='lat'><em>-</em></span> <span class='ocrx_word' id='word_1_320' title='bbox 923 3149 1065 3202; x_wconf 76' lang='lat' dir='ltr'><strong>&#39;hcctma</strong></span> <span class='ocrx_word' id='word_1_321' title='bbox 1089 3162 1174 3214; x_wconf 88' lang='lat' dir='ltr'><strong>super</strong></span> <span class='ocrx_word' id='word_1_322' title='bbox 1199 3148 1319 3218; x_wconf 81' lang='lat' dir='ltr'><strong>prologo</strong></span> 
     </span>
     <span class='ocr_line' id='line_1_35' title="bbox 195 3231 1319 3300; baseline -0.002 -14"><span class='ocrx_word' id='word_1_323' title='bbox 195 3231 361 3294; x_wconf 83' lang='lat' dir='ltr'><strong>Bibliorum.</strong></span> <span class='ocrx_word' id='word_1_324' title='bbox 383 3255 420 3272; x_wconf 90' lang='lat'>-</span> <span class='ocrx_word' id='word_1_325' title='bbox 452 3231 579 3290; x_wconf 82' lang='lat' dir='ltr'><strong>Tractat.</strong></span> <span class='ocrx_word' id='word_1_326' title='bbox 603 3231 639 3284; x_wconf 90' lang='lat' dir='ltr'><strong>de</strong></span> <span class='ocrx_word' id='word_1_327' title='bbox 661 3234 748 3286; x_wconf 88' lang='lat' dir='ltr'><strong>verbo</strong></span> <span class='ocrx_word' id='word_1_328' title='bbox 771 3234 801 3286; x_wconf 88' lang='lat' dir='ltr'><strong>in</strong></span> <span class='ocrx_word' id='word_1_329' title='bbox 819 3233 938 3293; x_wconf 80' lang='lat' dir='ltr'><strong>Divinis.</strong></span> <span class='ocrx_word' id='word_1_330' title='bbox 958 3231 1111 3284; x_wconf 80' lang='lat' dir='ltr'><strong>Commeat.</strong></span> <span class='ocrx_word' id='word_1_331' title='bbox 1137 3233 1167 3282; x_wconf 92' lang='lat' dir='ltr'><strong>in</strong></span> <span class='ocrx_word' id='word_1_332' title='bbox 1183 3231 1211 3288; x_wconf 82' lang='lat'><strong>4.</strong></span> <span class='ocrx_word' id='word_1_333' title='bbox 1235 3235 1319 3300; x_wconf 88' lang='lat' dir='ltr'><strong>prim.</strong></span> 
     </span>
     <span class='ocr_line' id='line_1_36' title="bbox 139 3301 1320 3392; baseline 0.001 -24"><span class='ocrx_word' id='word_1_334' title='bbox 139 3345 142 3358; x_wconf 59' lang='grc' dir='ltr'>ι</span> <span class='ocrx_word' id='word_1_335' title='bbox 197 3314 341 3390; x_wconf 82' lang='lat' dir='ltr'><strong>Geneseus</strong></span> <span class='ocrx_word' id='word_1_336' title='bbox 364 3316 459 3385; x_wconf 83' lang='lat' dir='ltr'><strong>capita</strong></span> <span class='ocrx_word' id='word_1_337' title='bbox 482 3313 519 3392; x_wconf 60' lang='lat'><strong>(4.</strong></span> <span class='ocrx_word' id='word_1_338' title='bbox 536 3301 624 3382; x_wconf 75' lang='lat' dir='ltr'><strong>tom).</strong></span> <span class='ocrx_word' id='word_1_339' title='bbox 664 3317 714 3378; x_wconf 73' lang='lat' dir='ltr'><strong>Tr.</strong></span> <span class='ocrx_word' id='word_1_340' title='bbox 735 3315 770 3368; x_wconf 90' lang='lat' dir='ltr'><strong>de</strong></span> <span class='ocrx_word' id='word_1_341' title='bbox 786 3316 822 3368; x_wconf 88' lang='lat' dir='ltr'><strong>X.</strong></span> <span class='ocrx_word' id='word_1_342' title='bbox 845 3316 1017 3386; x_wconf 78' lang='lat' dir='ltr'><strong>Praeceptis.</strong></span> <span class='ocrx_word' id='word_1_343' title='bbox 1040 3344 1073 3356; x_wconf 90' lang='lat'>-</span> <span class='ocrx_word' id='word_1_344' title='bbox 1109 3317 1264 3369; x_wconf 84' lang='lat' dir='ltr'><strong>Commeat.</strong></span> <span class='ocrx_word' id='word_1_345' title='bbox 1288 3320 1320 3370; x_wconf 91' lang='lat' dir='ltr'><strong>in</strong></span> 
     </span>
     <span class='ocr_line' id='line_1_37' title="bbox 197 3398 1319 3470; baseline -0.002 -14"><span class='ocrx_word' id='word_1_346' title='bbox 197 3401 304 3459; x_wconf 79' lang='lat' dir='ltr'><strong>Cautio.</strong></span> <span class='ocrx_word' id='word_1_347' title='bbox 327 3402 467 3453; x_wconf 85' lang='lat' dir='ltr'><strong>Cantlecr.</strong></span> <span class='ocrx_word' id='word_1_348' title='bbox 492 3429 527 3442; x_wconf 86' lang='lat'><em>-</em></span> <span class='ocrx_word' id='word_1_349' title='bbox 560 3401 734 3457; x_wconf 74' lang='lat' dir='ltr'><strong>Auctoritates</strong></span> <span class='ocrx_word' id='word_1_350' title='bbox 751 3399 779 3460; x_wconf 84' lang='lat' dir='ltr'><strong>S.</strong></span> <span class='ocrx_word' id='word_1_351' title='bbox 799 3398 980 3468; x_wconf 83' lang='lat' dir='ltr'><strong>Theologiae.</strong></span> <span class='ocrx_word' id='word_1_352' title='bbox 1003 3427 1037 3440; x_wconf 93' lang='lat'><em>-</em></span> <span class='ocrx_word' id='word_1_353' title='bbox 1071 3398 1172 3470; x_wconf 89' lang='lat' dir='ltr'><strong>Script.</strong></span> <span class='ocrx_word' id='word_1_354' title='bbox 1195 3417 1257 3470; x_wconf 88' lang='lat' dir='ltr'><strong>sup.</strong></span> <span class='ocrx_word' id='word_1_355' title='bbox 1276 3401 1319 3454; x_wconf 82' lang='lat' dir='ltr'><strong>x}</strong></span> 
     </span>
     <span class='ocr_line' id='line_1_38' title="bbox 196 3482 1320 3554; baseline 0.001 -17"><span class='ocrx_word' id='word_1_356' title='bbox 196 3482 350 3548; x_wconf 67' lang='lat' dir='ltr'><strong>&#39;Zachariae</strong></span> <span class='ocrx_word' id='word_1_357' title='bbox 365 3485 399 3538; x_wconf 90' lang='lat' dir='ltr'><strong>de</strong></span> <span class='ocrx_word' id='word_1_358' title='bbox 411 3486 501 3540; x_wconf 86' lang='lat' dir='ltr'><strong>ultim·</strong></span> <span class='ocrx_word' id='word_1_359' title='bbox 514 3483 893 3554; x_wconf 64' lang='lat' dir='ltr'><strong>temperuntur-christum</strong></span> <span class='ocrx_word' id='word_1_360' title='bbox 907 3483 1149 3552; x_wconf 85' lang='lat' dir='ltr'><strong>praecedentibus.</strong></span> <span class='ocrx_word' id='word_1_361' title='bbox 1164 3517 1199 3528; x_wconf 89' lang='lat'>-</span> <span class='ocrx_word' id='word_1_362' title='bbox 1220 3487 1320 3538; x_wconf 89' lang='lat' dir='ltr'><strong>Tract.</strong></span> 
     </span>
     <span class='ocr_line' id='line_1_39' title="bbox 198 3567 1320 3638; baseline -0.004 -16"><span class='ocrx_word' id='word_1_363' title='bbox 198 3570 233 3624; x_wconf 90' lang='lat' dir='ltr'><strong>de</strong></span> <span class='ocrx_word' id='word_1_364' title='bbox 251 3571 395 3630; x_wconf 78' lang='lat' dir='ltr'><strong>instantib.</strong></span> <span class='ocrx_word' id='word_1_365' title='bbox 413 3569 525 3638; x_wconf 78' lang='lat' dir='ltr'><strong>(Mscpt.</strong></span> <span class='ocrx_word' id='word_1_366' title='bbox 543 3569 595 3629; x_wconf 81' lang='lat' dir='ltr'><strong>auf</strong></span> <span class='ocrx_word' id='word_1_367' title='bbox 607 3571 658 3623; x_wconf 89' lang='lat' dir='ltr'><strong>der</strong></span> <span class='ocrx_word' id='word_1_368' title='bbox 674 3569 894 3628; x_wconf 88' lang='lat' dir='ltr'><strong>Univers.·Bibl.</strong></span> <span class='ocrx_word' id='word_1_369' title='bbox 914 3571 943 3620; x_wconf 92' lang='lat' dir='ltr'><strong>in</strong></span> <span class='ocrx_word' id='word_1_370' title='bbox 959 3569 1078 3638; x_wconf 75' lang='lat' dir='ltr'><strong>Leipzig</strong></span> <span class='ocrx_word' id='word_1_371' title='bbox 1094 3567 1266 3637; x_wconf 80' lang='lat' dir='ltr'><strong>belindlich).</strong></span> <span class='ocrx_word' id='word_1_372' title='bbox 1282 3600 1320 3617; x_wconf 75' lang='grc'><strong>-,</strong></span> 
     </span>
     <span class='ocr_line' id='line_1_40' title="bbox 198 3651 1319 3725; baseline -0.001 -18"><span class='ocrx_word' id='word_1_373' title='bbox 198 3656 313 3720; x_wconf 70' lang='lat' dir='ltr'><strong>Summa,</strong></span> <span class='ocrx_word' id='word_1_374' title='bbox 339 3655 534 3725; x_wconf 83' lang='lat' dir='ltr'><strong>quaestionum</strong></span> <span class='ocrx_word' id='word_1_375' title='bbox 563 3657 591 3706; x_wconf 90' lang='lat' dir='ltr'><strong>iu</strong></span> <span class='ocrx_word' id='word_1_376' title='bbox 614 3651 678 3708; x_wconf 87' lang='lat' dir='ltr'><strong>Lib.</strong></span> <span class='ocrx_word' id='word_1_377' title='bbox 701 3655 749 3708; x_wconf 90' lang='lat' dir='ltr'><strong>lV.</strong></span> <span class='ocrx_word' id='word_1_378' title='bbox 773 3654 941 3714; x_wconf 85' lang='lat' dir='ltr'><strong>Sententiar.</strong></span> <span class='ocrx_word' id='word_1_379' title='bbox 968 3685 1004 3710; x_wconf 53' lang='grc' dir='ltr'><strong>τ-</strong></span> <span class='ocrx_word' id='word_1_380' title='bbox 1044 3655 1148 3706; x_wconf 86' lang='lat' dir='ltr'><strong>Contra</strong></span> <span class='ocrx_word' id='word_1_381' title='bbox 1175 3654 1319 3722; x_wconf 86' lang='lat' dir='ltr'><strong>quendam</strong></span> 
     </span>
     <span class='ocr_line' id='line_1_41' title="bbox 197 3737 1319 3805; baseline 0 -13"><span class='ocrx_word' id='word_1_382' title='bbox 197 3739 450 3805; x_wconf 69' lang='lat' dir='ltr'><strong>bl&#39;ichlelitam,.-</strong></span> <span class='ocrx_word' id='word_1_383' title='bbox 480 3739 527 3797; x_wconf 85' lang='lat' dir='ltr'><strong>De</strong></span> <span class='ocrx_word' id='word_1_384' title='bbox 552 3741 670 3792; x_wconf 89' lang='lat' dir='ltr'><strong>errorib.</strong></span> <span class='ocrx_word' id='word_1_385' title='bbox 695 3746 724 3800; x_wconf 83' lang='lat' dir='ltr'><strong>et</strong></span> <span class='ocrx_word' id='word_1_386' title='bbox 739 3740 840 3801; x_wconf 81' lang='lat' dir='ltr'><strong>morib.</strong></span> <span class='ocrx_word' id='word_1_387' title='bbox 858 3737 1087 3797; x_wconf 84' lang='lat' dir='ltr'><strong>christianorum.</strong></span> <span class='ocrx_word' id='word_1_388' title='bbox 1114 3764 1150 3778; x_wconf 90' lang='grc'><strong>-</strong></span> <span class='ocrx_word' id='word_1_389' title='bbox 1183 3737 1248 3798; x_wconf 75' lang='lat' dir='ltr'><strong>Lib.</strong></span> <span class='ocrx_word' id='word_1_390' title='bbox 1266 3739 1319 3798; x_wconf 77' lang='lat' dir='ltr'><strong>lli.</strong></span> 
     </span>
     <span class='ocr_line' id='line_1_42' title="bbox 199 3822 1319 3900; baseline 0 -24"><span class='ocrx_word' id='word_1_391' title='bbox 199 3827 356 3894; x_wconf 77' lang='lat' dir='ltr'><strong>quaestion.</strong></span> <span class='ocrx_word' id='word_1_392' title='bbox 377 3823 560 3892; x_wconf 20' lang='lat' dir='ltr'><strong>(le-passione</strong></span> <span class='ocrx_word' id='word_1_393' title='bbox 582 3823 704 3882; x_wconf 81' lang='lat' dir='ltr'><strong>Domini·</strong></span> <span class='ocrx_word' id='word_1_394' title='bbox 735 3853 768 3864; x_wconf 86' lang='lat'><strong>-</strong></span> <span class='ocrx_word' id='word_1_395' title='bbox 803 3825 899 3878; x_wconf 82' lang='lat' dir='ltr'><strong>Tract.</strong></span> <span class='ocrx_word' id='word_1_396' title='bbox 925 3822 960 3875; x_wconf 91' lang='lat' dir='ltr'><strong>de</strong></span> <span class='ocrx_word' id='word_1_397' title='bbox 982 3837 1058 3900; x_wconf 85' lang='lat' dir='ltr'><strong>pass.</strong></span> <span class='ocrx_word' id='word_1_398' title='bbox 1081 3823 1163 3875; x_wconf 85' lang='lat' dir='ltr'><strong>Dum.</strong></span> <span class='ocrx_word' id='word_1_399' title='bbox 1188 3837 1241 3890; x_wconf 89' lang='lat' dir='ltr'><strong>per</strong></span> <span class='ocrx_word' id='word_1_400' title='bbox 1256 3824 1319 3882; x_wconf 81' lang='lat' dir='ltr'><strong>Vll.</strong></span> 
     </span>
     <span class='ocr_line' id='line_1_43' title="bbox 198 3893 1319 3980; baseline -0.003 -18"><span class='ocrx_word' id='word_1_401' title='bbox 198 3893 283 3962; x_wconf 80' lang='lat' dir='ltr'><strong>hbras</strong></span> <span class='ocrx_word' id='word_1_402' title='bbox 297 3909 462 3970; x_wconf 75' lang='lat' dir='ltr'><strong>canonicas.</strong></span> <span class='ocrx_word' id='word_1_403' title='bbox 475 3929 508 3958; x_wconf 65' lang='lat' dir='ltr'><strong>e-</strong></span> <span class='ocrx_word' id='word_1_404' title='bbox 526 3909 650 3980; x_wconf 80' lang='lat' dir='ltr'><strong>Exposit.</strong></span> <span class='ocrx_word' id='word_1_405' title='bbox 662 3909 791 3978; x_wconf 88' lang='lat' dir='ltr'><strong>symboli.</strong></span> <span class='ocrx_word' id='word_1_406' title='bbox 804 3936 839 3948; x_wconf 93' lang='lat'><em>-</em></span> <span class='ocrx_word' id='word_1_407' title='bbox 856 3907 1042 3978; x_wconf 67' lang='lat' dir='ltr'><strong>quaestiones</strong></span> <span class='ocrx_word' id='word_1_408' title='bbox 1054 3906 1088 3959; x_wconf 89' lang='lat' dir='ltr'><strong>de</strong></span> <span class='ocrx_word' id='word_1_409' title='bbox 1101 3904 1273 3973; x_wconf 83' lang='lat' dir='ltr'><strong>blasphemia</strong></span> <span class='ocrx_word' id='word_1_410' title='bbox 1286 3913 1319 3960; x_wconf 82' lang='lat' dir='ltr'><strong>et</strong></span> 
     </span>
     <span class='ocr_line' id='line_1_44' title="bbox 198 3981 1319 4063; baseline -0.002 -17"><span class='ocrx_word' id='word_1_411' title='bbox 198 4000 307 4063; x_wconf 88' lang='lat' dir='ltr'><strong>peccat.</strong></span> <span class='ocrx_word' id='word_1_412' title='bbox 322 3994 351 4046; x_wconf 90' lang='lat' dir='ltr'><strong>in</strong></span> <span class='ocrx_word' id='word_1_413' title='bbox 367 3992 462 4060; x_wconf 73' lang='lat' dir='ltr'><strong>Spirit,</strong></span> <span class='ocrx_word' id='word_1_414' title='bbox 478 3992 507 4048; x_wconf 88' lang='lat' dir='ltr'><strong>S.</strong></span> <span class='ocrx_word' id='word_1_415' title='bbox 525 4021 558 4050; x_wconf 54' lang='lat' dir='ltr'><strong>v-</strong></span> <span class='ocrx_word' id='word_1_416' title='bbox 575 3981 703 4052; x_wconf 48' lang='lat' dir='ltr'><strong>&#39;Resolut</strong></span> <span class='ocrx_word' id='word_1_417' title='bbox 721 3993 908 4062; x_wconf 78' lang='lat' dir='ltr'><strong>quaestionis:</strong></span> <span class='ocrx_word' id='word_1_418' title='bbox 932 3996 1026 4042; x_wconf 91' lang='lat' dir='ltr'><strong>utrum</strong></span> <span class='ocrx_word' id='word_1_419' title='bbox 1042 3993 1110 4056; x_wconf 82' lang='lat' dir='ltr'><strong>nrali</strong></span> <span class='ocrx_word' id='word_1_420' title='bbox 1125 3992 1242 4058; x_wconf 85' lang='lat' dir='ltr'><strong>spiritus</strong></span> <span class='ocrx_word' id='word_1_421' title='bbox 1261 3994 1319 4048; x_wconf 87' lang='lat' dir='ltr'><strong>sint</strong></span> 
     </span>
     <span class='ocr_line' id='line_1_45' title="bbox 201 4075 1319 4148; baseline -0.002 -18"><span class='ocrx_word' id='word_1_422' title='bbox 201 4080 289 4147; x_wconf 71' lang='lat' dir='ltr'><strong>magis,</strong></span> <span class='ocrx_word' id='word_1_423' title='bbox 302 4077 446 4136; x_wconf 85' lang='lat' dir='ltr'><strong>sollicitati</strong></span> <span class='ocrx_word' id='word_1_424' title='bbox 460 4082 560 4130; x_wconf 86' lang='lat' dir='ltr'><strong>contra</strong></span> <span class='ocrx_word' id='word_1_425' title='bbox 576 4075 725 4141; x_wconf 83' lang='lat' dir='ltr'><strong>hcuriuem,</strong></span> <span class='ocrx_word' id='word_1_426' title='bbox 743 4092 826 4148; x_wconf 86' lang='lat' dir='ltr'><strong>quam</strong></span> <span class='ocrx_word' id='word_1_427' title='bbox 843 4075 936 4144; x_wconf 81' lang='lat' dir='ltr'><strong>angeli</strong></span> <span class='ocrx_word' id='word_1_428' title='bbox 951 4075 1017 4128; x_wconf 90' lang='lat' dir='ltr'><strong>honi</strong></span> <span class='ocrx_word' id='word_1_429' title='bbox 1035 4077 1064 4128; x_wconf 89' lang='lat' dir='ltr'><strong>in</strong></span> <span class='ocrx_word' id='word_1_430' title='bbox 1081 4077 1272 4128; x_wconf 84' lang='lat' dir='ltr'><strong>contrariuml</strong></span> <span class='ocrx_word' id='word_1_431' title='bbox 1285 4103 1319 4116; x_wconf 88' lang='grc'><strong>-</strong></span> 
     </span>
     <span class='ocr_line' id='line_1_46' title="bbox 200 4160 1320 4240; baseline 0.003 -26"><span class='ocrx_word' id='word_1_432' title='bbox 200 4162 405 4222; x_wconf 82' lang='lat' dir='ltr'><strong>Dctcrmicatio</strong></span> <span class='ocrx_word' id='word_1_433' title='bbox 418 4161 555 4232; x_wconf 84' lang='lat' dir='ltr'><strong>querund,</strong></span> <span class='ocrx_word' id='word_1_434' title='bbox 570 4166 725 4240; x_wconf 81' lang='lat' dir='ltr'><strong>quaestion.</strong></span> <span class='ocrx_word' id='word_1_435' title='bbox 740 4168 769 4216; x_wconf 88' lang='lat' dir='ltr'><strong>et</strong></span> <span class='ocrx_word' id='word_1_436' title='bbox 784 4161 1006 4240; x_wconf 76' lang='lat' dir='ltr'><strong>propositionum</strong></span> <span class='ocrx_word' id='word_1_437' title='bbox 1024 4160 1059 4224; x_wconf 86' lang='lat' dir='ltr'><strong>de</strong></span> <span class='ocrx_word' id='word_1_438' title='bbox 1075 4167 1253 4222; x_wconf 81' lang='lat' dir='ltr'><strong>sacramento</strong></span> <span class='ocrx_word' id='word_1_439' title='bbox 1265 4161 1320 4220; x_wconf 84' lang='lat' dir='ltr'><strong>Eu·</strong></span> 
     </span>
    </p>
   </div>
   <div class='ocr_carea' id='block_1_5' title="bbox 0 0 1428 4716">
    <p class='ocr_par' dir='ltr' id='par_1_7' title="bbox 0 0 1428 4716">
     <span class='ocr_line' id='line_1_47' title="bbox 0 0 1428 4716; baseline 0 0"><span class='ocrx_word' id='word_1_440' title='bbox 0 0 1428 4716; x_wconf 95' lang='lat' dir='ltr'><strong> </strong></span> 
     </span>
    </p>
   </div>
  </div>
 </body>
</html>
