2872 4722
368 325 910 388 Obscuruvlttou.
1137 321 1222 392 117¹

86 482 168 566 aliqui
188 481 405 557 colonienses,
426 479 480 562 qui
498 480 661 554 dixerunt,
688 480 771 562 quod
791 479 909 543 habetis
929 479 1077 546 Coloniae
1097 503 1193 548 unam

86 584 253 656 mulierem,
292 601 371 661 quae
391 591 437 644 cst
454 601 545 662 saepe
564 580 647 662 apud
666 600 740 656 vos,
778 591 809 642 et
828 600 883 644 vos
904 581 987 664 apud
1007 582 1120 664 ipsam,
1163 595 1194 648 et

83 683 174 742 dicunt
190 677 365 753 veraciter,
384 679 467 760 qaod
487 679 606 741 habetis
626 687 728 742 actum
751 699 821 742 cum
843 679 918 763 ipsa.
963 682 1005 742 Et
1027 702 1083 762 ego
1105 681 1191 744 dolui

85 781 160 843 valde
185 800 257 839 cum
277 797 389 858 magno
417 788 551 854 terrore,
584 765 706 859 quando
727 779 851 855 audivi,
884 779 957 860 quit
984 789 1029 840 est
1047 781 1211 862 magnum

84 879 258 952 scandalum,
280 877 311 936 si
331 897 441 938 verum
461 887 522 953 est,
541 877 614 960 quia
633 876 704 938 estis
723 878 904 960 graduatus,
924 886 955 938 et
974 897 1032 959 pro
1052 891 1191 960 tempore

84 978 232 1038 nccndetis
252 977 348 1039 ctiam
369 976 556 1052 adultiora,
588 976 705 1038 scilicet
723 976 763 1036 ad
787 975 898 1058 gradus
918 976 951 1035 in
978 997 1062 1038 sacra
1084 977 1189 1040 Theo-

83 1077 179 1158 logia:¹
194 1085 225 1136 et
251 1075 378 1155 quando
402 1075 475 1140 talia
494 1057 664 1137 ordiuntur
684 1075 724 1172 de
741 1075 847 1151 vobis,
883 1085 958 1137 tuno
980 1076 1054 1138 dant
1070 1077 1187 1142 malum

83 1176 240 1256 exemplum
258 1173 452 1255 junioribus,
474 1173 528 1257 qui
547 1173 728 1257 pejorentur
745 1173 867 1234 exinde.
909 1175 973 1236 Vos
991 1184 1095 1238 umen
1109 1177 1187 1237 bene

80 1275 177 1355 legistis
196 1275 229 1332 in
250 1272 478 1334 Ecclesiastico:
504 1274 635 1354 Propter
653 1273 789 1353 speciem
807 1271 947 1333 mulieris
970 1273 1061 1334 multi
1083 1273 1187 1356 perio-
1252 1289 1258 1300 '

81 1385 153 1448 runt,
171 1381 202 1434 et
222 1392 262 1434 ex
283 1373 343 1434 hac
363 1371 609 1454 concupiscentia
628 1371 717 1452 quasi
733 1370 814 1454 ignis
832 1372 972 1433 ardescit.
1013 1373 1055 1434 Et
1072 1372 1107 1433 in
1124 1374 1185 1433 Eo-

79 1471 138 1530 cles.
154 1473 266 1532 Averte
288 1471 402 1534 faeiem
421 1483 507 1534 tuam
527 1493 546 1537 a
564 1469 696 1532 muliere
716 1481 851 1552 compta,
888 1483 919 1530 et
939 1491 981 1533 ne
1001 1471 1182 1554 circumspi-

79 1573 131 1630 cias
148 1570 274 1651 speciem
296 1571 438 1632 aberam.
477 1574 518 1633 Et
536 1571 669 1630 ibidem:
689 1570 852 1652 Virginem
871 1589 913 1630 ne
937 1570 1120 1654 conspicias,
1141 1591 1183 1632 ne

77 1670 150 1729 forte
166 1669 378 1731 scandalizeris
396 1672 431 1731 in
451 1671 561 1732 decore
578 1669 674 1730 illiuss
704 1669 770 1730 Vos
789 1667 872 1730 scitis
893 1668 999 1746 etiam,
1020 1671 1104 1750 quod
1115 1689 1182 1731 ma-

76 1769 190 1828 ximum
217 1779 371 1848 peccatum
399 1778 444 1831 est
474 1768 647 1848 fornicatio.
707 1767 770 1828 Sed
787 1788 858 1830 cum
877 1767 937 1830 hoe
956 1767 1067 1846 audio,
1098 1769 1183 1850 quod
1296 1837 1310 1854 .

75 1866 129 1926 illa
148 1867 255 1927 mulier
274 1877 316 1929 est
334 1867 489 1950 legitima,
525 1878 556 1929 et
576 1867 669 1928 babet
688 1859 824 1942 virnnr.¹
860 1870 992 1951 Propter
1006 1869 1110 1928 Deum
1131 1867 1181 1927 di-

76 1966 193 2026 mittatis
212 1987 293 2042 eam,
330 1976 362 2028 et
392 1966 560 2049 respiciatis
584 1969 699 2029 famam
730 1978 879 2046 vestram3
913 1977 959 2028 est
992 1967 1179 2042 scandalum,

77 2064 296 2145 quodhomines
319 2067 432 2128 deberit
452 2066 564 2140 dicere,
584 2067 667 2147 quod
687 2066 862 2146 Theologus
882 2075 927 2128 est
947 2066 1085 2142 adulter,
1106 2067 1180 2146 quia

76 2165 139 2224 aiias
155 2163 269 2227 habetis
286 2166 359 2226 satis
378 2167 489 2227 honam
510 2165 633 2226 famam.
652 2164 771 2228 'Omnes
791 2166 913 2238 dicunt,
934 2167 1017 2244 quod
1037 2165 1109 2225 catis
1123 2166 1178 2224 be-

76 2283 110 2321 ne
126 2263 328 2342 qualificatus,
362 2264 441 2326 sicut
460 2265 552 2326 stiam
573 2285 629 2348 ego
650 2265 723 2326 scio.
784 2267 849 2327 Vos
869 2262 1021 2325 deberetis
1040 2263 1178 2341 quotidie
1243 2277 1249 2284 ’

76 2362 157 2422 semel
173 2362 286 2426 habere
315 2384 409 2426 unam
431 2363 573 2426 devotam
597 2362 841 2426 recordationem
860 2361 1012 2423 Passionis
1031 2361 1177 2420 Domini-

74 2481 135 2520 cac:
154 2513 155 2522 ,
172 2463 246 2544 quia
263 2461 343 2523 illud
362 2473 408 2525 est
425 2484 571 2545 magnum
590 2463 762 2524 remedium
783 2469 889 2520 eontra
907 2458 1090 2524 tentationes
1110 2459 1177 2518 dia-

72 2559 126 2619 boii
152 2570 184 2620 et
201 2562 356 2623 stimulam
376 2562 492 2626 carnis:
524 2573 555 2624 et
573 2571 679 2643 petere
692 2560 727 2623 in
745 2559 936 2622 orationibus
954 2557 1073 2634 vestris,
1093 2557 1177 2637 quod

72 2657 214 2719 Dominus
233 2660 309 2721 velit
327 2683 382 2723 vos
402 2662 555 2724 custodire
573 2682 591 2722 a
612 2659 700 2720 malis
721 2658 963 2740 cogitationibus.
1021 2658 1088 2738 Ego
1108 2676 1176 2718 cre-

73 2757 120 2832 do,
148 2758 229 2838 quod
255 2759 331 2821 talia
355 2762 470 2842 legistis
495 2762 530 2820 in
550 2760 653 2820 Poetis
672 2757 874 2832 secularibus,
907 2769 938 2820 et
955 2755 1102 2837 pejoratis
1122 2776 1175 2818 vos

72 2855 144 2918 iude:
182 2871 213 2918 et
232 2879 307 2942 ergo
325 2861 449 2936 vellem,
470 2859 554 2942 quod
575 2857 769 2919 dimitteretis
786 2855 859 2917 iilos
878 2858 1001 2932 Poetas,
1022 2855 1095 2937 quia
1114 2855 1175 2916 sci·

73 2955 118 3030 tis,
135 2958 214 3036 quod
231 2969 357 3020 sanctus
378 2959 589 3040 Hieronymus
610 2959 672 3020 fuit
691 2975 852 3038 percussus
874 2956 913 3015 ab
931 2956 1070 3036 Angelo,
1101 2947 1183 3035 quia

72 3053 134 3134 legit
149 3057 180 3118 in
200 3059 285 3120 libro
304 3060 466 3120 Poetarum
474 3081 490 3140 5,
509 3069 539 3118 et
558 3057 746 3120 Deventriue
764 3075 855 3136 saepe
875 3055 943 3115 dixi
962 3055 1054 3116 etiam
1075 3053 1173 3128 vobit,

72 3155 141 3230 qaod
157 3177 218 3216 non
238 3157 393 3217 deberetis
413 3157 482 3218 fieri
503 3159 598 3218 Poeta
618 3157 671 3218 vel
689 3154 816 3216 Jurista:
851 3154 924 3234 qnia
943 3153 994 3214 isti
1006 3163 1079 3214 sunt
1092 3156 1173 3216 mate

72 3249 235 3316 aiiecfionati
264 3257 303 3316 in
335 3255 412 3332 fide,
450 3269 481 3316 et
500 3256 615 3317 hubent
635 3248 721 3335 quasi
740 3273 845 3312 omnes
864 3254 975 3312 mulam
995 3252 1170 3332 dispositio·

72 3354 177 3413 nemin
197 3355 348 3415 moribus.
405 3355 446 3414 Et
472 3354 510 3414 de
529 3354 592 3416 illis
608 3353 747 3434 loquitur
766 3351 939 3413 Psalmista:
981 3349 1082 3409 Odisti
1102 3366 1170 3410 om·
1287 3433 1292 3439 '

72 3467 115 3508 nes
136 3453 330 3513 observantes
357 3453 523 3514 vanitatem
549 3471 746 3534 supervacue.
807 3449 908 3508 Etiam
942 3447 982 3508 de
1006 3447 1068 3506 alio
1096 3447 1168 3508 volo
1253 3451 1258 3465 '

72 3549 183 3611 scribere
201 3549 303 3614 vobis.
361 3551 425 3632 Ipsi
445 3551 565 3627 dicunt,
593 3552 677 3630 quod
700 3569 752 3610 vos
772 3544 933 3626 scripsistis
952 3555 1058 3605 contra
1076 3545 1170 3606 Ioan-

72 3663 130 3706 nem
140 3649 294 3710 Reuchlin
313 3649 347 3710 in
366 3670 455 3710 causa
475 3649 566 3723 fidei,
588 3659 619 3709 et
635 3659 679 3709 est
697 3649 823 3718 bonum,
846 3645 918 3724 quia
937 3642 1031 3704 vultis
1052 3643 1169 3703 lucrari

73 3763 147 3823 super
162 3753 314 3810 talentum
334 3759 488 3823 vestrum,
507 3747 590 3828 quod
608 3747 736 3812 tradidit
753 3744 841 3806 vobis
858 3744 952 3802 Deus.
1008 3741 1069 3800 Sed
1091 3739 1169 3804 dici-

74 3853 114 3902 tur
128 3843 191 3921 bic,
210 3849 296 3929 quod
315 3850 445 3910 Ioannes
465 3847 672 3918 Piefferkoru,
691 3865 783 3924 quem
803 3841 895 3902 etiam
915 3837 1080 3899 defenditis
1100 3858 1167 3912 ros,

75 3950 109 3999 est
123 3946 212 4006 malus
232 3967 384 4026 nequam,
422 3957 454 4006 et
479 3965 543 4004 non
563 3954 609 4005 cst
628 3945 727 4005 factus
747 3939 938 4003 Christianus
957 3956 1063 3997 amore
1081 3935 1164 4010 fidei,
1225 3951 1229 3956 ·

75 4039 117 4098 sod
131 4058 297 4124 propterea,
316 4045 401 4126 quod
415 4043 523 4106 Iudaei
548 4046 727 4126 voluerunt!
740 4061 809 4100 eum
836 4036 1020 4119 suspendere
1040 4045 1166 4116 propter
1187 4063 1191 4070 ·

75 4154 130 4197 tuat
145 4144 302 4222 nequitias,
321 4143 394 4224 quia
413 4144 529 4217 dicunt,
548 4145 631 4224 quod
650 4150 694 4200 est
716 4140 769 4200 fur
789 4148 820 4199 et
836 4135 986 4219 proditor,
1005 4134 1091 4198 etsie
1104 4132 1166 4193 fuit

76 4231 236 4319 baptizatae
262 4253 292 4304 et
310 4263 417 4304 omnes
440 4243 564 4316 dicunt,
593 4241 675 4321 quod
697 4239 814 4300 occulte
836 4247 880 4298 est
900 4236 998 4296 malus
1017 4231 1164 4298 christia-
