2896 4716
405 279 952 394 oss-souuvtuon.
1080 297 1084 306 ’
1175 323 1257 398 ros'

108 489 178 553 ros,
212 487 347 567 'strum
370 478 429 542 hoo
450 481 556 542 ‘valeto
586 491 647 542 tum
678 465 886 563 diu,x'douoo
904 485 1104 564 Pfefforkoru
1135 449 1239 554 munet

107 577 314 639 Christianus.
354 580 469 638 Datum
480 579 668 660 Liptsiekin
684 583 822 663 collegio
839 584 1003 666 Principis.
1091 596 1101 622 ‘

107 741 227 820 Petrus
242 763 416 824 charitatis
424 801 435 830 ‚
458 761 572 823 Cursor
592 766 631 822 iu
650 764 861 826 Grammatico
887 779 917 826 et
936 769 1102 848 Professor
1117 745 1159 828 ¹iu
1174 771 1239 828 Lo-

227 865 323 944 gica‚
344 863 476 922 salutem
492 862 571 922 diois
582 865 756 940 plurimum
769 869 817 924 M.
837 867 970 926 Ortuino
994 867 1114 927 Gratio.

123 1053 126 1058 Ι
191 977 460 1042 Reverendissime
489 978 624 1038 Domine
652 981 814 1061 Magister!
857 982 940 1060 Quis
965 977 1116 1044 hio'sute
1134 983 1239 1048 Pioem

107 1075 174 1136 sivo
206 1077 383 1137 Hermonem
415 1088 460 1138 est
488 1078 711 1152 consacerdos
740 1079 823 1160 quod
843 1081 876 1142 in
906 1081 957 1142 dio
986 1081 1099 1142 habent
1120 1102 1240 1164 sempor
1325 1135 1332 1144 .

108 1173 184 1234 dnus
205 1175 329 1251 zeohm,
351 1197 413 1237 una
433 1186 561 1238 vocatur
582 1177 707 1238 Civium
729 1179 841 1253 zecha,
882 1189 913 1240 et
932 1179 1042 1261 incipit
1063 1180 1140 1242 horo
1160 1181 1241 1241 duo-

75 1337 79 1344 ,
109 1265 251 1351 deeimu,
288 1285 322 1336 et
339 1285 441 1336 nistret
462 1277 614 1354 usquead
639 1277 747 1337 horam
768 1289 906 1358 quartam
927 1279 993 1340 sire
1013 1280 1166 1358 quintam3
1194 1281 1241 1339 ul-

110 1383 184 1433 teru·
198 1383 326 1434 vocatur
346 1375 535 1434 nocturnalis
556 1385 586 1434 et
607 1376 785 1454 postueohs,
828 1398 943 1457 quaes
963 1379 1072 1456 quinta
1093 1377 1171 1438 hors
1188 1377 1240 1440 iu-

109 1472 205 1552 cipit,
223 1483 273 1536 ,et
294 1473 384 1533 durat
402 1474 557 1534 interdum
578 1473 617 1532 sd
640 1485 794 1548 octavam,
828 1495 942 1536 nouem
964 1485 995 1536 et
1015 1476 1164 1538 decimatio
1180 1478 1240 1539 ho-
1300 1532 1304 1542 .

109 1591 197 1644 ram,
240 1571 395 1632 interdum
418 1571 507 1630 etiam
530 1572 620 1632 duret
638 1593 735 1652 usquo
763 1575 802 1634 ad
823 1575 1085 1663 duodecimumlst
1105 1577 1242 1657 primam

109 1669 229 1730 horam.
291 1671 331 1732 Et
352 1670 462 1730 divites
484 1671 592 1745 Cives,
632 1681 663 1733 ot
691 1673 782 1732 etism
806 1674 953 1734 Consules
980 1685 1010 1734 et
1031 1675 1172 1756 Magistri
1193 1677 1239 1734 oi-

109 1769 216 1843 vium,
239 1767 361 1848 quondo
382 1768 416 1828 iu
436 1768 538 1848 prima
557 1770 651 1830 zethu
670 1771 832 1837 sederunt,
856 1784 887 1832 et
899 1773 970 1832 sutis
989 1773 1144 1846 biberunt,
1164 1783 1239 1833 tuno
1322 1807 1343 1822 κ

109 1868 236 1928 solvunt
255 1877 286 1928 et
306 1868 422 1929 vadunt
441 1868 481 1927 ud
503 1869 638 1934 domum.
688 1869 750 1928 Sed
773 1869 895 1949 juvenis
914 1872 1006 1932 bursu
1028 1883 1056 1934 ot
1078 1873 1127 1932 ilii
1149 1872 1237 1946 socii,

110 1966 250 2049 quinon
272 1967 403 2026 multum
424 1978 551 2043 rurant,
573 1968 649 2047 quid
669 1969 761 2028 solvit
781 1970 934 2041 triticum,
963 1970 1015 2031 isti
1035 1983 1161 2030 manent
1188 1992 1256 2032 sem

111 2065 186 2126 dere
206 2066 241 2124 in
261 2065 512 2145 disposuerim,
534 2077 564 2126 et
584 2068 710 2139 bibunt,
732 2087 767 2126 ac
788 2069 815 2128 si
836 2087 947 2148 eorpus
966 2082 996 2128 et
1015 2069 1153 2128 unimam
1175 2070 1239 2128 sol·

113 2175 231 2229 versut.
270 2165 379 2245 Nuper
400 2185 490 2244 ergo,
524 2185 596 2224 cum
625 2169 651 2226 si
672 2166 762 2226 etium
785 2168 959 2228 sederemus
981 2168 1015 2228 in
1038 2189 1101 2228 unu
1120 2179 1239 2246 postue-

111 2265 186 2337 ohs,
207 2283 263 2344 ego
285 2274 315 2323 et
337 2263 489 2324 Dominus
511 2266 629 2339 Petrus,
651 2264 821 2325 Monachus
835 2264 963 2324 Ordinis
976 2265 1236 2336 Praedicatornm,

112 2363 168 2443 qui
188 2363 277 2426 vobis
297 2363 428 2422 multum
451 2363 537 2423 fovet
556 2375 682 2444 propter
701 2364 847 2424 Iacobum
856 2364 1046 2444 Hogstrsten,
1067 2364 1239 2424 hoeretico-

111 2482 182 2522 rum
204 2462 386 2542 Magistrum
406 2462 440 2521 in
464 2462 609 2544 Colonia:
632 2473 706 2522 tuno
728 2474 793 2521 erut
814 2461 898 2521 infra
916 2462 1064 2526 decimum
1088 2473 1118 2523 et
1138 2463 1238 2522 unde-

112 2561 225 2621 cimum
246 2560 281 2620 in
305 2573 409 2636 noete,
443 2571 517 2622 tuno
536 2562 633 2632 multe
654 2560 876 2642 disputavimus
904 2561 942 2620 de
961 2561 1081 2620 ratione
1103 2560 1238 2620 nominis

112 2663 218 2722 vestri:
284 2660 409 2740 Etego
428 2661 517 2720 tenui
536 2663 625 2720 istem
645 2661 858 2776 opinionem
882 2659 920 2718 de
942 2660 1071 2720 Gruchis
1090 2660 1239 2719 Roman-is

112 2779 169 2820 vos
191 2779 258 2818 esse
278 2759 481 2820 nominatum.
524 2760 585 2818 Sed
606 2761 758 2818 Dominus
776 2761 902 2828 Petrus,
938 2758 991 2839 qui
1007 2760 1097 2820 etium
1119 2759 1239 2838 aliquu-

110 2859 185 2918 liter
212 2857 248 2918 in
268 2861 352 2920 ,Arte
372 2859 579 2920 Humanitatis
600 2860 676 2919 bene
700 2868 819 2931 tentus,
848 2857 942 2931 dixit,
972 2857 1236 2929 non‘oonvenire,

111 2958 166 3018 sed
188 2957 273 3036 quod
293 2979 312 3016 u
327 2957 424 3037 gretia
443 2957 601 3037 supernali
621 2956 861 3018 nominaremiui
881 2957 1016 3018 Grotius.
1066 2949 1157 3018 Turio
1179 2955 1239 3016 fuit
1277 3037 1281 3042 Ι

112 3058 159 3117 ibi
178 3077 262 3118 uuus
281 3057 430 3130 trufator,
472 3058 525 3136 qni
548 3056 622 3117 iecit
646 3057 737 3118 vuldo
757 3043 890 3136 crispum
902 3057 1058 3129 latinum,
1078 3056 1162 3136 quod
1183 3076 1238 3135 ego

51 3163 57 3178 ⁹
111 3157 303 3216 nonomuis
323 3156 402 3216 beno
421 3156 579 3232 intellexi3
618 3155 673 3214 ille
701 3155 797 3216 dixit:
824 3155 906 3236 qudd
926 3175 1032 3236 neque
1058 3155 1237 3227 soractis,

112 3249 255 3334 nequest
268 3245 365 3335 gretie
386 3256 488 3315 essetis
508 3256 605 3314 dictus
626 3253 767 3327 Gratius,
788 3236 819 3314 ot
843 3254 918 3314 feeit
937 3264 998 3314 tum
1022 3253 1118 3316 multe
1138 3252 1238 3312 inuti-

111 3354 157 3414 lis
175 3353 288 3428 verba,
309 3353 391 3432 quod
411 3373 467 3433 ego
489 3353 570 3414 dixi:
615 3353 698 3414 undo
718 3371 788 3432 ergo
810 3353 923 3413 dicitnr
942 3352 1089 3415 Grotius?
1133 3361 1238 3410 temen

112 3451 170 3510 ulii
189 3450 276 3525 viri,
308 3451 397 3511 vaide
417 3453 586 3534 profundi,
617 3451 793 3513 habuerunt
812 3450 943 3529 desuper
961 3450 1053 3509 lststu
1073 3449 1238 3516 examino-2

114 3550 250 3622 tionem,
273 3558 304 3610 et
325 3553 558 3623 concluserunt,
592 3550 675 3632 quod
698 3551 750 3610 vel
768 3571 788 3610 u
808 3550 947 3608 Gerrhus
967 3547 1019 3610 vel
1038 3567 1056 3607 a
1076 3548 1174 3632 grstia
1193 3554 1245 3606 ost'

113 3651 216 3710 dictus
235 3648 369 3708 Grotius.
409 3653 500 3711 Tune
518 3650 583 3730 ipse
604 3650 700 3710 dixit:
747 3648 816 3724 isti,
843 3648 897 3728 qui
915 3647 974 3708 hoo
994 3647 1237 3726 disputaverunt,

113 3748 243 3808 fuerunt
262 3749 355 3830 smioi
373 3750 514 3831 Magistri
534 3750 660 3810 Ortuini
677 3747 793 3822 Gratii,
830 3755 861 3808 et
879 3739 1077 3826 'interpretati
1104 3757 1176 3807 sunt
1196 3744 1239 3806 it*
1278 3827 1282 3833 ι

113 3849 171 3909 lud
192 3867 322 3921 nomen,
362 3849 493 3929 quilibet
518 3849 686 3909 seeundum
712 3865 804 3906 suum,
820 3843 998 3925 opinionem
1023 3844 1059 3904 iu
1078 3845 1239 3930 meliorem

115 3957 245 4030 purtem.
303 3947 365 4008 Sed
385 3957 487 4008 tomen
509 3948 584 4008 istas
606 3947 767 4027 opiniones
791 3965 856 4006 uon
875 3941 1086 4024 praejudicant
1105 3941 1239 4004 veritati.

116 4050 209 4108 'I’uno
230 4042 388 4107 Dominus
406 4048 521 4107 Petrus,
536 4045 754 4124 interrogovit:
794 4042 870 4122 quid
890 4052 935 4102 est
953 4041 1112 4106 veritatis
1130 4053 1160 4102 st
1179 4064 1240 4122 pu·
1348 4113 1353 4128 ι

115 4148 214 4219 tubat,
254 4147 338 4224 quod
359 4146 425 4228 ipse
445 4146 569 4206 deberet
589 4155 705 4216 tacere,
748 4141 827 4204 siout
855 4142 930 4214 fecit
954 4142 1105 4204 Dominus
1126 4152 1238 4222 nostor,

116 4247 241 4327 qnando
253 4247 370 4307 Pilutus
390 4242 691 4324 enninurmgavit.
718 4241 780 4302 Sed
794 4241 859 4324 ipsu
879 4261 941 4310 uon
963 4241 1073 4316 tacuit,
1095 4251 1126 4302 et
1145 4241 1239 4329 dixit:
