<?xml version="1.0" encoding="UTF-8"?>
<!DOCTYPE html PUBLIC "-//W3C//DTD XHTML 1.0 Transitional//EN"
    "http://www.w3.org/TR/xhtml1/DTD/xhtml1-transitional.dtd">
<html xmlns="http://www.w3.org/1999/xhtml" xml:lang="en" lang="en">
 <head>
  <title>
</title>
<meta http-equiv="Content-Type" content="text/html;charset=utf-8" />
  <meta name='ocr-system' content='tesseract 3.04.00' />
  <meta name='ocr-capabilities' content='ocr_page ocr_carea ocr_par ocr_line ocrx_word'/>
</head>
<body>
  <div class='ocr_page' id='page_1' title='image "./ulrichiabhutten04mngoog_0161.png"; bbox 0 0 2872 4722; ppageno 0'>
   <div class='ocr_carea' id='block_1_1' title="bbox 393 301 1227 410">
    <p class='ocr_par' dir='ltr' id='par_1_1' title="bbox 393 301 1227 410">
     <span class='ocr_line' id='line_1_1' title="bbox 393 301 1227 410; baseline 0.01 -16"><span class='ocrx_word' id='word_1_1' title='bbox 393 333 668 395; x_wconf 86' lang='lat' dir='ltr'><strong>ooscua.</strong></span> <span class='ocrx_word' id='word_1_2' title='bbox 709 335 932 398; x_wconf 80' lang='lat' dir='ltr'><strong>v1aou.</strong></span> <span class='ocrx_word' id='word_1_3' title='bbox 1035 402 1038 410; x_wconf 14' lang='lat' dir='ltr'><em>A</em></span> <span class='ocrx_word' id='word_1_4' title='bbox 1119 301 1227 402; x_wconf 63' lang='grc' dir='ltr'><strong>ἰιι</strong></span> 
     </span>
    </p>
   </div>
   <div class='ocr_carea' id='block_1_2' title="bbox 76 469 1310 4034">
    <p class='ocr_par' dir='ltr' id='par_1_2' title="bbox 76 469 1310 4034">
     <span class='ocr_line' id='line_1_2' title="bbox 92 469 1222 574; baseline 0.002 -22"><span class='ocrx_word' id='word_1_5' title='bbox 92 513 130 552; x_wconf 86' lang='lat' dir='ltr'><strong>ex</strong></span> <span class='ocrx_word' id='word_1_6' title='bbox 155 488 388 552; x_wconf 79' lang='lat' dir='ltr'><strong>medicinarum</strong></span> <span class='ocrx_word' id='word_1_7' title='bbox 416 469 684 571; x_wconf 70' lang='lat' dir='ltr'><strong>practica&#39;toribus,</strong></span> <span class='ocrx_word' id='word_1_8' title='bbox 713 488 786 552; x_wconf 91' lang='lat' dir='ltr'><strong>licet</strong></span> <span class='ocrx_word' id='word_1_9' title='bbox 812 490 972 573; x_wconf 81' lang='lat' dir='ltr'><strong>indignus:</strong></span> <span class='ocrx_word' id='word_1_10' title='bbox 1014 513 1126 574; x_wconf 80' lang='lat' dir='ltr'><strong>nempe</strong></span> <span class='ocrx_word' id='word_1_11' title='bbox 1152 510 1222 556; x_wconf 90' lang='lat' dir='ltr'><strong>cum</strong></span> 
     </span>
     <span class='ocr_line' id='line_1_3' title="bbox 91 589 1223 671; baseline 0.004 -21"><span class='ocrx_word' id='word_1_12' title='bbox 91 589 258 664; x_wconf 87' lang='lat' dir='ltr'><strong>sedissent,</strong></span> <span class='ocrx_word' id='word_1_13' title='bbox 291 600 367 649; x_wconf 87' lang='lat' dir='ltr'><strong>tunc</strong></span> <span class='ocrx_word' id='word_1_14' title='bbox 391 589 447 649; x_wconf 89' lang='lat' dir='ltr'><strong>diu</strong></span> <span class='ocrx_word' id='word_1_15' title='bbox 472 599 650 666; x_wconf 79' lang='lat' dir='ltr'><strong>tacuerunt,</strong></span> <span class='ocrx_word' id='word_1_16' title='bbox 684 611 786 671; x_wconf 90' lang='lat' dir='ltr'><strong>neque</strong></span> <span class='ocrx_word' id='word_1_17' title='bbox 811 590 924 671; x_wconf 87' lang='lat' dir='ltr'><strong>aliquis</strong></span> <span class='ocrx_word' id='word_1_18' title='bbox 945 611 985 650; x_wconf 82' lang='lat' dir='ltr'><strong>ex</strong></span> <span class='ocrx_word' id='word_1_19' title='bbox 1012 593 1101 654; x_wconf 90' lang='lat' dir='ltr'><strong>nobis</strong></span> <span class='ocrx_word' id='word_1_20' title='bbox 1122 593 1223 654; x_wconf 91' lang='lat' dir='ltr'><strong>voluit</strong></span> 
     </span>
     <span class='ocr_line' id='line_1_4' title="bbox 92 687 1222 770; baseline 0.004 -23"><span class='ocrx_word' id='word_1_21' title='bbox 92 689 229 770; x_wconf 83' lang='lat' dir='ltr'><strong>incipere</strong></span> <span class='ocrx_word' id='word_1_22' title='bbox 248 709 328 769; x_wconf 84' lang='lat' dir='ltr'><strong>prae</strong></span> <span class='ocrx_word' id='word_1_23' title='bbox 349 687 477 769; x_wconf 84' lang='lat' dir='ltr'><strong>pudore.</strong></span> <span class='ocrx_word' id='word_1_24' title='bbox 538 691 630 752; x_wconf 81' lang='lat' dir='ltr'><strong>Tunc</strong></span> <span class='ocrx_word' id='word_1_25' title='bbox 658 707 714 770; x_wconf 82' lang='lat' dir='ltr'><strong>ego</strong></span> <span class='ocrx_word' id='word_1_26' title='bbox 740 689 899 768; x_wconf 81' lang='lat' dir='ltr'><strong>stimulavi</strong></span> <span class='ocrx_word' id='word_1_27' title='bbox 919 709 1023 749; x_wconf 90' lang='lat' dir='ltr'><strong>meum</strong></span> <span class='ocrx_word' id='word_1_28' title='bbox 1043 691 1222 770; x_wconf 80' lang='lat' dir='ltr'><strong>proximum</strong></span> 
     </span>
     <span class='ocr_line' id='line_1_5' title="bbox 92 787 1221 870; baseline 0.003 -22"><span class='ocrx_word' id='word_1_29' title='bbox 92 788 331 861; x_wconf 76' lang='lat' dir='ltr'><strong>confessorem,</strong></span> <span class='ocrx_word' id='word_1_30' title='bbox 364 787 447 868; x_wconf 91' lang='lat' dir='ltr'><strong>quod</strong></span> <span class='ocrx_word' id='word_1_31' title='bbox 467 787 562 862; x_wconf 86' lang='lat' dir='ltr'><strong>mihi,</strong></span> <span class='ocrx_word' id='word_1_32' title='bbox 598 788 636 848; x_wconf 88' lang='lat' dir='ltr'><strong>ad</strong></span> <span class='ocrx_word' id='word_1_33' title='bbox 656 789 756 849; x_wconf 82' lang='lat' dir='ltr'><strong>salvos</strong></span> <span class='ocrx_word' id='word_1_34' title='bbox 769 791 871 862; x_wconf 85' lang='lat' dir='ltr'>Deos,</span> <span class='ocrx_word' id='word_1_35' title='bbox 902 808 942 848; x_wconf 84' lang='lat' dir='ltr'><strong>ex</strong></span> <span class='ocrx_word' id='word_1_36' title='bbox 961 789 1091 870; x_wconf 86' lang='lat' dir='ltr'><strong>abrupto</strong></span> <span class='ocrx_word' id='word_1_37' title='bbox 1112 808 1221 850; x_wconf 89' lang='lat' dir='ltr'><strong>occur-</strong></span> 
     </span>
     <span class='ocr_line' id='line_1_6' title="bbox 91 881 1225 967; baseline 0.001 -19"><span class='ocrx_word' id='word_1_38' title='bbox 91 887 133 948; x_wconf 88' lang='lat' dir='ltr'><strong>rit</strong></span> <span class='ocrx_word' id='word_1_39' title='bbox 151 887 185 951; x_wconf 88' lang='lat' dir='ltr'><strong>in</strong></span> <span class='ocrx_word' id='word_1_40' title='bbox 207 885 405 946; x_wconf 83' lang='lat' dir='ltr'><strong>memoriam.</strong></span> <span class='ocrx_word' id='word_1_41' title='bbox 447 881 634 947; x_wconf 86' lang='lat' dir='ltr'><strong>Conticuere</strong></span> <span class='ocrx_word' id='word_1_42' title='bbox 655 906 771 957; x_wconf 86' lang='lat' dir='ltr'><strong>omues,</strong></span> <span class='ocrx_word' id='word_1_43' title='bbox 791 886 965 967; x_wconf 88' lang='lat' dir='ltr'><strong>intentique</strong></span> <span class='ocrx_word' id='word_1_44' title='bbox 985 907 1040 947; x_wconf 88' lang='lat' dir='ltr'><strong>ora</strong></span> <span class='ocrx_word' id='word_1_45' title='bbox 1060 887 1225 966; x_wconf 65' lang='lat' dir='ltr'><strong>tenebant,</strong></span> 
     </span>
     <span class='ocr_line' id='line_1_7' title="bbox 91 971 1221 1066; baseline 0.003 -22"><span class='ocrx_word' id='word_1_46' title='bbox 91 1005 179 1064; x_wconf 90' lang='lat' dir='ltr'><strong>quem</strong></span> <span class='ocrx_word' id='word_1_47' title='bbox 201 1004 332 1050; x_wconf 83' lang='lat' dir='ltr'><strong>versum</strong></span> <span class='ocrx_word' id='word_1_48' title='bbox 347 986 448 1045; x_wconf 89' lang='lat' dir='ltr'><strong>adhue</strong></span> <span class='ocrx_word' id='word_1_49' title='bbox 467 971 566 1044; x_wconf 86' lang='lat' dir='ltr'><strong>habeo</strong></span> <span class='ocrx_word' id='word_1_50' title='bbox 586 983 622 1044; x_wconf 89' lang='lat' dir='ltr'><strong>in</strong></span> <span class='ocrx_word' id='word_1_51' title='bbox 642 987 760 1048; x_wconf 83' lang='lat' dir='ltr'><strong>recenti</strong></span> <span class='ocrx_word' id='word_1_52' title='bbox 782 985 1040 1061; x_wconf 79' lang='lat' dir='ltr'><strong>consideratione,</strong></span> <span class='ocrx_word' id='word_1_53' title='bbox 1059 987 1142 1066; x_wconf 86' lang='lat' dir='ltr'><strong>quia,</strong></span> <span class='ocrx_word' id='word_1_54' title='bbox 1164 1007 1221 1048; x_wconf 84' lang='lat' dir='ltr'><strong>vos</strong></span> 
     </span>
     <span class='ocr_line' id='line_1_8' title="bbox 90 1082 1219 1166; baseline 0.002 -24"><span class='ocrx_word' id='word_1_55' title='bbox 90 1104 158 1142; x_wconf 90' lang='lat' dir='ltr'><strong>cum</strong></span> <span class='ocrx_word' id='word_1_56' title='bbox 180 1082 368 1166; x_wconf 75' lang='lat' dir='ltr'><strong>exposuistis</strong></span> <span class='ocrx_word' id='word_1_57' title='bbox 388 1084 563 1164; x_wconf 86' lang='lat' dir='ltr'><strong>Vergilium</strong></span> <span class='ocrx_word' id='word_1_58' title='bbox 588 1084 623 1145; x_wconf 90' lang='lat' dir='ltr'><strong>in</strong></span> <span class='ocrx_word' id='word_1_59' title='bbox 649 1085 814 1158; x_wconf 87' lang='lat' dir='ltr'><strong>Aeneidis,</strong></span> <span class='ocrx_word' id='word_1_60' title='bbox 852 1094 926 1144; x_wconf 90' lang='lat' dir='ltr'><strong>tunc</strong></span> <span class='ocrx_word' id='word_1_61' title='bbox 953 1083 1043 1164; x_wconf 85' lang='lat' dir='ltr'><strong>pinxi</strong></span> <span class='ocrx_word' id='word_1_62' title='bbox 1068 1084 1108 1145; x_wconf 86' lang='lat' dir='ltr'><strong>ud</strong></span> <span class='ocrx_word' id='word_1_63' title='bbox 1128 1085 1219 1146; x_wconf 86' lang='lat' dir='ltr'><strong>illurn</strong></span> 
     </span>
     <span class='ocr_line' id='line_1_9' title="bbox 88 1182 1217 1259; baseline 0.003 -17"><span class='ocrx_word' id='word_1_64' title='bbox 88 1201 231 1256; x_wconf 83' lang='lat' dir='ltr'><strong>versum,</strong></span> <span class='ocrx_word' id='word_1_65' title='bbox 263 1193 300 1243; x_wconf 91' lang='lat' dir='ltr'><strong>ut</strong></span> <span class='ocrx_word' id='word_1_66' title='bbox 320 1182 454 1243; x_wconf 87' lang='lat' dir='ltr'><strong>facerem</strong></span> <span class='ocrx_word' id='word_1_67' title='bbox 477 1182 557 1242; x_wconf 92' lang='lat' dir='ltr'><strong>mihi</strong></span> <span class='ocrx_word' id='word_1_68' title='bbox 578 1182 763 1245; x_wconf 81' lang='lat' dir='ltr'><strong>locationem</strong></span> <span class='ocrx_word' id='word_1_69' title='bbox 779 1183 813 1242; x_wconf 93' lang='lat' dir='ltr'><strong>in</strong></span> <span class='ocrx_word' id='word_1_70' title='bbox 829 1183 911 1243; x_wconf 90' lang='lat' dir='ltr'><strong>libro</strong></span> <span class='ocrx_word' id='word_1_71' title='bbox 932 1203 1021 1259; x_wconf 86' lang='lat' dir='ltr'><strong>meo,</strong></span> <span class='ocrx_word' id='word_1_72' title='bbox 1047 1185 1217 1245; x_wconf 87' lang='lat' dir='ltr'><strong>secundum</strong></span> 
     </span>
     <span class='ocr_line' id='line_1_10' title="bbox 88 1269 1300 1362; baseline 0.004 -24"><span class='ocrx_word' id='word_1_73' title='bbox 88 1281 172 1360; x_wconf 88' lang='lat' dir='ltr'><strong>quod</strong></span> <span class='ocrx_word' id='word_1_74' title='bbox 190 1279 322 1360; x_wconf 85' lang='lat' dir='ltr'><strong>jussistis</strong></span> <span class='ocrx_word' id='word_1_75' title='bbox 342 1301 417 1355; x_wconf 88' lang='lat' dir='ltr'><strong>nos,</strong></span> <span class='ocrx_word' id='word_1_76' title='bbox 450 1303 548 1342; x_wconf 89' lang='lat' dir='ltr'><strong>unum</strong></span> <span class='ocrx_word' id='word_1_77' title='bbox 569 1282 684 1357; x_wconf 85' lang='lat' dir='ltr'><strong>virum,</strong></span> <span class='ocrx_word' id='word_1_78' title='bbox 714 1283 769 1362; x_wconf 93' lang='lat' dir='ltr'><strong>qui</strong></span> <span class='ocrx_word' id='word_1_79' title='bbox 789 1281 881 1342; x_wconf 83' lang='lat' dir='ltr'><strong>habet</strong></span> <span class='ocrx_word' id='word_1_80' title='bbox 900 1281 1066 1342; x_wconf 88' lang='lat' dir='ltr'><strong>claustrum</strong></span> <span class='ocrx_word' id='word_1_81' title='bbox 1088 1282 1122 1343; x_wconf 86' lang='lat' dir='ltr'><strong>in</strong></span> <span class='ocrx_word' id='word_1_82' title='bbox 1144 1305 1216 1361; x_wconf 88' lang='lat' dir='ltr'><strong>ore;</strong></span> <span class='ocrx_word' id='word_1_83' title='bbox 1251 1269 1261 1284; x_wconf 77' lang='lat'><strong>.</strong></span> <span class='ocrx_word' id='word_1_84' title='bbox 1297 1333 1300 1343; x_wconf 94' lang='lat'><strong>.</strong></span> 
     </span>
     <span class='ocr_line' id='line_1_11' title="bbox 85 1377 1255 1462; baseline 0.006 -26"><span class='ocrx_word' id='word_1_85' title='bbox 85 1379 131 1436; x_wconf 85' lang='lat' dir='ltr'><strong>ric</strong></span> <span class='ocrx_word' id='word_1_86' title='bbox 151 1399 228 1460; x_wconf 85' lang='lat' dir='ltr'><strong>ergo</strong></span> <span class='ocrx_word' id='word_1_87' title='bbox 247 1377 309 1458; x_wconf 83' lang='lat' dir='ltr'><strong>jam</strong></span> <span class='ocrx_word' id='word_1_88' title='bbox 332 1380 449 1461; x_wconf 89' lang='lat' dir='ltr'><strong>optime</strong></span> <span class='ocrx_word' id='word_1_89' title='bbox 469 1382 557 1444; x_wconf 82' lang='lat' dir='ltr'><strong>venit</strong></span> <span class='ocrx_word' id='word_1_90' title='bbox 577 1381 616 1440; x_wconf 89' lang='lat' dir='ltr'><strong>ad</strong></span> <span class='ocrx_word' id='word_1_91' title='bbox 636 1380 845 1462; x_wconf 89' lang='lat' dir='ltr'><strong>propositum,</strong></span> <span class='ocrx_word' id='word_1_92' title='bbox 866 1399 936 1440; x_wconf 89' lang='lat' dir='ltr'><strong>cum</strong></span> <span class='ocrx_word' id='word_1_93' title='bbox 959 1378 1014 1439; x_wconf 87' lang='lat' dir='ltr'><strong>ille</strong></span> <span class='ocrx_word' id='word_1_94' title='bbox 1034 1378 1218 1450; x_wconf 85' lang='lat' dir='ltr'><strong>scientificus</strong></span> <span class='ocrx_word' id='word_1_95' title='bbox 1250 1447 1255 1462; x_wconf 40' lang='lat'>¹</span> 
     </span>
     <span class='ocr_line' id='line_1_12' title="bbox 85 1476 1217 1560; baseline 0.004 -25"><span class='ocrx_word' id='word_1_96' title='bbox 85 1477 183 1536; x_wconf 88' lang='lat' dir='ltr'><strong>etiam</strong></span> <span class='ocrx_word' id='word_1_97' title='bbox 211 1477 253 1537; x_wconf 89' lang='lat' dir='ltr'><strong>sit</strong></span> <span class='ocrx_word' id='word_1_98' title='bbox 277 1478 389 1552; x_wconf 87' lang='lat' dir='ltr'><strong>Poeta,</strong></span> <span class='ocrx_word' id='word_1_99' title='bbox 428 1489 464 1540; x_wconf 88' lang='lat' dir='ltr'><strong>ut</strong></span> <span class='ocrx_word' id='word_1_100' title='bbox 493 1478 554 1560; x_wconf 89' lang='lat' dir='ltr'><strong>ipsi</strong></span> <span class='ocrx_word' id='word_1_101' title='bbox 584 1479 704 1541; x_wconf 85' lang='lat' dir='ltr'><strong>dicunt:</strong></span> <span class='ocrx_word' id='word_1_102' title='bbox 747 1479 873 1559; x_wconf 88' lang='lat' dir='ltr'><strong>Quippe</strong></span> <span class='ocrx_word' id='word_1_103' title='bbox 891 1497 960 1536; x_wconf 91' lang='lat' dir='ltr'><strong>cum</strong></span> <span class='ocrx_word' id='word_1_104' title='bbox 983 1476 1027 1535; x_wconf 88' lang='lat' dir='ltr'><strong>sic</strong></span> <span class='ocrx_word' id='word_1_105' title='bbox 1048 1487 1217 1540; x_wconf 87' lang='lat' dir='ltr'><strong>taceremus</strong></span> 
     </span>
     <span class='ocr_line' id='line_1_13' title="bbox 83 1574 1216 1659; baseline 0.004 -27"><span class='ocrx_word' id='word_1_106' title='bbox 83 1574 249 1648; x_wconf 84' lang='lat' dir='ltr'><strong>invicem,</strong></span> <span class='ocrx_word' id='word_1_107' title='bbox 287 1576 419 1657; x_wconf 79' lang='lat' dir='ltr'><strong>ipsemet</strong></span> <span class='ocrx_word' id='word_1_108' title='bbox 437 1576 554 1657; x_wconf 89' lang='lat' dir='ltr'><strong>incepit</strong></span> <span class='ocrx_word' id='word_1_109' title='bbox 581 1597 690 1658; x_wconf 86' lang='lat' dir='ltr'><strong>magno</strong></span> <span class='ocrx_word' id='word_1_110' title='bbox 719 1577 880 1658; x_wconf 86' lang='lat' dir='ltr'><strong>praeludio</strong></span> <span class='ocrx_word' id='word_1_111' title='bbox 908 1576 1126 1637; x_wconf 86' lang='lat' dir='ltr'><strong>sermonisare:</strong></span> <span class='ocrx_word' id='word_1_112' title='bbox 1161 1599 1216 1659; x_wconf 80' lang='lat' dir='ltr'><strong>ego</strong></span> 
     </span>
     <span class='ocr_line' id='line_1_14' title="bbox 82 1673 1218 1754; baseline 0.003 -20"><span class='ocrx_word' id='word_1_113' title='bbox 82 1693 166 1734; x_wconf 79' lang='lat' dir='ltr'><strong>vero</strong></span> <span class='ocrx_word' id='word_1_114' title='bbox 186 1695 253 1734; x_wconf 90' lang='lat' dir='ltr'><strong>non</strong></span> <span class='ocrx_word' id='word_1_115' title='bbox 272 1673 428 1750; x_wconf 85' lang='lat' dir='ltr'><strong>intellexi,</strong></span> <span class='ocrx_word' id='word_1_116' title='bbox 450 1677 503 1737; x_wconf 88' lang='lat' dir='ltr'><strong>vel</strong></span> <span class='ocrx_word' id='word_1_117' title='bbox 523 1697 588 1736; x_wconf 89' lang='lat' dir='ltr'><strong>non</strong></span> <span class='ocrx_word' id='word_1_118' title='bbox 609 1696 678 1736; x_wconf 87' lang='lat' dir='ltr'><strong>sum</strong></span> <span class='ocrx_word' id='word_1_119' title='bbox 700 1697 739 1738; x_wconf 81' lang='lat' dir='ltr'><strong>ex</strong></span> <span class='ocrx_word' id='word_1_120' title='bbox 758 1675 897 1754; x_wconf 85' lang='lat' dir='ltr'><strong>legitimo</strong></span> <span class='ocrx_word' id='word_1_121' title='bbox 916 1675 1008 1735; x_wconf 92' lang='lat' dir='ltr'><strong>thoro</strong></span> <span class='ocrx_word' id='word_1_122' title='bbox 1019 1689 1121 1752; x_wconf 80' lang='lat' dir='ltr'><strong>uatus,</strong></span> <span class='ocrx_word' id='word_1_123' title='bbox 1144 1680 1218 1737; x_wconf 88' lang='lat' dir='ltr'><strong>uni-</strong></span> 
     </span>
     <span class='ocr_line' id='line_1_15' title="bbox 81 1771 1216 1855; baseline 0.005 -25"><span class='ocrx_word' id='word_1_124' title='bbox 81 1793 166 1832; x_wconf 90' lang='lat' dir='ltr'><strong>cum</strong></span> <span class='ocrx_word' id='word_1_125' title='bbox 197 1774 342 1848; x_wconf 79' lang='lat' dir='ltr'><strong>verbum,</strong></span> <span class='ocrx_word' id='word_1_126' title='bbox 381 1773 455 1854; x_wconf 91' lang='lat' dir='ltr'><strong>quia</strong></span> <span class='ocrx_word' id='word_1_127' title='bbox 482 1771 575 1835; x_wconf 85' lang='lat' dir='ltr'><strong>habet</strong></span> <span class='ocrx_word' id='word_1_128' title='bbox 602 1783 665 1834; x_wconf 90' lang='lat' dir='ltr'><strong>tam</strong></span> <span class='ocrx_word' id='word_1_129' title='bbox 691 1787 821 1855; x_wconf 85' lang='lat' dir='ltr'><strong>parvam</strong></span> <span class='ocrx_word' id='word_1_130' title='bbox 846 1794 968 1836; x_wconf 85' lang='lat' dir='ltr'><strong>vocem:</strong></span> <span class='ocrx_word' id='word_1_131' title='bbox 1009 1785 1085 1854; x_wconf 89' lang='lat' dir='ltr'><strong>puto</strong></span> <span class='ocrx_word' id='word_1_132' title='bbox 1113 1786 1216 1836; x_wconf 87' lang='lat' dir='ltr'><strong>autem</strong></span> 
     </span>
     <span class='ocr_line' id='line_1_16' title="bbox 81 1840 1216 1966; baseline 0.004 -36"><span class='ocrx_word' id='word_1_133' title='bbox 81 1871 178 1950; x_wconf 90' lang='lat' dir='ltr'><strong>quod</strong></span> <span class='ocrx_word' id='word_1_134' title='bbox 198 1871 260 1932; x_wconf 88' lang='lat' dir='ltr'><strong>fuit</strong></span> <span class='ocrx_word' id='word_1_135' title='bbox 279 1893 317 1932; x_wconf 85' lang='lat' dir='ltr'><strong>ex</strong></span> <span class='ocrx_word' id='word_1_136' title='bbox 329 1871 533 1966; x_wconf 86' lang='lat' dir='ltr'><strong>Theologia,</strong></span> <span class='ocrx_word' id='word_1_137' title='bbox 535 1883 565 1934; x_wconf 84' lang='lat' dir='ltr'><strong>et</strong></span> <span class='ocrx_word' id='word_1_138' title='bbox 584 1873 645 1934; x_wconf 91' lang='lat' dir='ltr'><strong>hoc</strong></span> <span class='ocrx_word' id='word_1_139' title='bbox 664 1872 753 1950; x_wconf 83' lang='lat' dir='ltr'><strong>fecit,</strong></span> <span class='ocrx_word' id='word_1_140' title='bbox 774 1883 810 1936; x_wconf 89' lang='lat' dir='ltr'><strong>ut</strong></span> <span class='ocrx_word' id='word_1_141' title='bbox 829 1873 925 1956; x_wconf 91' lang='lat' dir='ltr'><strong>possit</strong></span> <span class='ocrx_word' id='word_1_142' title='bbox 939 1840 1103 1935; x_wconf 85' lang='lat' dir='ltr'><strong>attrahere</strong></span> <span class='ocrx_word' id='word_1_143' title='bbox 1124 1875 1216 1935; x_wconf 91' lang='lat' dir='ltr'><strong>illum</strong></span> 
     </span>
     <span class='ocr_line' id='line_1_17' title="bbox 79 1969 1215 2081; baseline 0.005 -52"><span class='ocrx_word' id='word_1_144' title='bbox 79 1969 273 2081; x_wconf 74' lang='lat' dir='ltr'><strong>Magistrum</strong></span> <span class='ocrx_word' id='word_1_145' title='bbox 290 1980 449 2047; x_wconf 89' lang='lat' dir='ltr'><strong>nostrum,</strong></span> <span class='ocrx_word' id='word_1_146' title='bbox 479 1971 582 2033; x_wconf 82' lang='lat' dir='ltr'><strong>virum</strong></span> <span class='ocrx_word' id='word_1_147' title='bbox 608 1972 744 2033; x_wconf 84' lang='lat' dir='ltr'><strong>maxime</strong></span> <span class='ocrx_word' id='word_1_148' title='bbox 762 1973 991 2054; x_wconf 87' lang='lat' dir='ltr'><strong>profundum</strong></span> <span class='ocrx_word' id='word_1_149' title='bbox 980 1994 1015 2033; x_wconf 87' lang='grc' dir='ltr'><strong>ιιι</strong></span> <span class='ocrx_word' id='word_1_150' title='bbox 1034 1974 1215 2056; x_wconf 85' lang='lat' dir='ltr'><strong>Theologia,</strong></span> 
     </span>
     <span class='ocr_line' id='line_1_18' title="bbox 80 2067 1216 2151; baseline 0.007 -23"><span class='ocrx_word' id='word_1_151' title='bbox 80 2067 138 2148; x_wconf 89' lang='lat' dir='ltr'><strong>qui</strong></span> <span class='ocrx_word' id='word_1_152' title='bbox 162 2069 323 2130; x_wconf 87' lang='lat' dir='ltr'><strong>nobiscum</strong></span> <span class='ocrx_word' id='word_1_153' title='bbox 342 2070 504 2132; x_wconf 80' lang='lat' dir='ltr'><strong>sedebat</strong></span> <span class='ocrx_word' id='word_1_154' title='bbox 493 2091 528 2130; x_wconf 87' lang='grc' dir='ltr'><strong>ιιι</strong></span> <span class='ocrx_word' id='word_1_155' title='bbox 548 2071 721 2133; x_wconf 87' lang='lat' dir='ltr'><strong>collatione.</strong></span> <span class='ocrx_word' id='word_1_156' title='bbox 764 2072 889 2151; x_wconf 91' lang='lat' dir='ltr'><strong>Quin</strong></span> <span class='ocrx_word' id='word_1_157' title='bbox 879 2092 943 2131; x_wconf 82' lang='lat' dir='ltr'><strong>imo</strong></span> <span class='ocrx_word' id='word_1_158' title='bbox 973 2092 1043 2132; x_wconf 87' lang='lat' dir='ltr'><strong>cum</strong></span> <span class='ocrx_word' id='word_1_159' title='bbox 1066 2071 1216 2136; x_wconf 86' lang='lat' dir='ltr'><strong>finivisset</strong></span> 
     </span>
     <span class='ocr_line' id='line_1_19' title="bbox 79 2165 1238 2253; baseline 0.007 -29"><span class='ocrx_word' id='word_1_160' title='bbox 79 2165 168 2226; x_wconf 90' lang='lat' dir='ltr'><strong>illud</strong></span> <span class='ocrx_word' id='word_1_161' title='bbox 188 2169 403 2248; x_wconf 72' lang='lat' dir='ltr'><strong>praeludium,</strong></span> <span class='ocrx_word' id='word_1_162' title='bbox 422 2181 496 2230; x_wconf 90' lang='lat' dir='ltr'><strong>tunc</strong></span> <span class='ocrx_word' id='word_1_163' title='bbox 517 2170 633 2253; x_wconf 88' lang='lat' dir='ltr'><strong>incepit</strong></span> <span class='ocrx_word' id='word_1_164' title='bbox 654 2169 802 2251; x_wconf 85' lang='lat' dir='ltr'><strong>Magister</strong></span> <span class='ocrx_word' id='word_1_165' title='bbox 828 2177 934 2229; x_wconf 89' lang='lat' dir='ltr'><strong>noster</strong></span> <span class='ocrx_word' id='word_1_166' title='bbox 965 2167 1120 2249; x_wconf 84' lang='lat' dir='ltr'><strong>disputare</strong></span> <span class='ocrx_word' id='word_1_167' title='bbox 1141 2174 1215 2232; x_wconf 90' lang='lat' dir='ltr'><strong>sub·</strong></span> <span class='ocrx_word' id='word_1_168' title='bbox 1237 2165 1238 2174; x_wconf 40' lang='lat'>¹</span> 
     </span>
     <span class='ocr_line' id='line_1_20' title="bbox 78 2265 1214 2349; baseline 0.003 -24"><span class='ocrx_word' id='word_1_169' title='bbox 78 2267 228 2326; x_wconf 87' lang='lat' dir='ltr'><strong>tilissime</strong></span> <span class='ocrx_word' id='word_1_170' title='bbox 248 2268 287 2328; x_wconf 89' lang='lat' dir='ltr'><strong>de</strong></span> <span class='ocrx_word' id='word_1_171' title='bbox 313 2282 384 2330; x_wconf 88' lang='lat' dir='ltr'><strong>ente</strong></span> <span class='ocrx_word' id='word_1_172' title='bbox 405 2279 435 2330; x_wconf 87' lang='lat' dir='ltr'><strong>et</strong></span> <span class='ocrx_word' id='word_1_173' title='bbox 455 2268 598 2344; x_wconf 86' lang='lat' dir='ltr'><strong>essentia,</strong></span> <span class='ocrx_word' id='word_1_174' title='bbox 636 2268 720 2349; x_wconf 91' lang='lat' dir='ltr'><strong>quod</strong></span> <span class='ocrx_word' id='word_1_175' title='bbox 738 2289 802 2328; x_wconf 89' lang='lat' dir='ltr'><strong>nou</strong></span> <span class='ocrx_word' id='word_1_176' title='bbox 822 2287 898 2348; x_wconf 89' lang='lat' dir='ltr'><strong>opus</strong></span> <span class='ocrx_word' id='word_1_177' title='bbox 919 2276 964 2326; x_wconf 87' lang='lat' dir='ltr'><strong>est</strong></span> <span class='ocrx_word' id='word_1_178' title='bbox 983 2265 1044 2344; x_wconf 88' lang='lat' dir='ltr'><strong>jam</strong></span> <span class='ocrx_word' id='word_1_179' title='bbox 1064 2281 1214 2349; x_wconf 89' lang='lat' dir='ltr'><strong>repetere,</strong></span> 
     </span>
     <span class='ocr_line' id='line_1_21' title="bbox 77 2363 1215 2448; baseline 0.002 -22"><span class='ocrx_word' id='word_1_180' title='bbox 77 2367 159 2446; x_wconf 89' lang='lat' dir='ltr'><strong>quia</strong></span> <span class='ocrx_word' id='word_1_181' title='bbox 177 2367 258 2426; x_wconf 87' lang='lat' dir='ltr'><strong>bene</strong></span> <span class='ocrx_word' id='word_1_182' title='bbox 280 2369 469 2448; x_wconf 86' lang='lat' dir='ltr'><strong>pertractatis</strong></span> <span class='ocrx_word' id='word_1_183' title='bbox 490 2367 577 2428; x_wconf 85' lang='lat' dir='ltr'><strong>illum</strong></span> <span class='ocrx_word' id='word_1_184' title='bbox 596 2366 764 2428; x_wconf 88' lang='lat' dir='ltr'><strong>materiam.</strong></span> <span class='ocrx_word' id='word_1_185' title='bbox 809 2366 869 2426; x_wconf 94' lang='lat' dir='ltr'><strong>Illo</strong></span> <span class='ocrx_word' id='word_1_186' title='bbox 890 2363 979 2424; x_wconf 89' lang='lat' dir='ltr'><strong>finito</strong></span> <span class='ocrx_word' id='word_1_187' title='bbox 1000 2366 1066 2442; x_wconf 89' lang='lat' dir='ltr'><strong>ipse</strong></span> <span class='ocrx_word' id='word_1_188' title='bbox 1086 2388 1215 2447; x_wconf 83' lang='lat' dir='ltr'><strong>respon-</strong></span> 
     </span>
     <span class='ocr_line' id='line_1_22' title="bbox 77 2464 1213 2546; baseline -0.002 -21"><span class='ocrx_word' id='word_1_189' title='bbox 77 2465 124 2526; x_wconf 88' lang='lat' dir='ltr'><strong>dit</strong></span> <span class='ocrx_word' id='word_1_190' title='bbox 147 2465 261 2546; x_wconf 86' lang='lat' dir='ltr'><strong>paucis</strong></span> <span class='ocrx_word' id='word_1_191' title='bbox 280 2467 400 2527; x_wconf 82' lang='lat' dir='ltr'><strong>verbis:</strong></span> <span class='ocrx_word' id='word_1_192' title='bbox 440 2477 515 2528; x_wconf 86' lang='lat' dir='ltr'><strong>tunc</strong></span> <span class='ocrx_word' id='word_1_193' title='bbox 535 2467 649 2538; x_wconf 74' lang='lat' dir='ltr'><strong>iterum</strong></span> <span class='ocrx_word' id='word_1_194' title='bbox 669 2485 775 2524; x_wconf 87' lang='lat' dir='ltr'><strong>omnes</strong></span> <span class='ocrx_word' id='word_1_195' title='bbox 797 2473 967 2524; x_wconf 89' lang='lat' dir='ltr'><strong>tacuerunt.</strong></span> <span class='ocrx_word' id='word_1_196' title='bbox 1033 2464 1123 2524; x_wconf 89' lang='lat' dir='ltr'><strong>Tunc</strong></span> <span class='ocrx_word' id='word_1_197' title='bbox 1140 2487 1213 2546; x_wconf 84' lang='lat' dir='ltr'><strong>ergo</strong></span> 
     </span>
     <span class='ocr_line' id='line_1_23' title="bbox 76 2561 1212 2658; baseline -0.003 -32"><span class='ocrx_word' id='word_1_198' title='bbox 76 2567 201 2649; x_wconf 87' lang='lat' dir='ltr'><strong>hospes</strong></span> <span class='ocrx_word' id='word_1_199' title='bbox 223 2575 346 2638; x_wconf 87' lang='lat' dir='ltr'><strong>noster,</strong></span> <span class='ocrx_word' id='word_1_200' title='bbox 368 2566 420 2646; x_wconf 90' lang='lat' dir='ltr'><strong>qui</strong></span> <span class='ocrx_word' id='word_1_201' title='bbox 444 2579 488 2625; x_wconf 87' lang='lat' dir='ltr'><strong>est</strong></span> <span class='ocrx_word' id='word_1_202' title='bbox 501 2566 600 2626; x_wconf 85' lang='lat' dir='ltr'><strong>bonus</strong></span> <span class='ocrx_word' id='word_1_203' title='bbox 618 2563 802 2658; x_wconf 79' lang='lat' dir='ltr'><strong>humaniue,</strong></span> <span class='ocrx_word' id='word_1_204' title='bbox 825 2561 934 2642; x_wconf 91' lang='lat' dir='ltr'><strong>incipit</strong></span> <span class='ocrx_word' id='word_1_205' title='bbox 947 2562 1096 2642; x_wconf 84' lang='lat' dir='ltr'><strong>quaedam</strong></span> <span class='ocrx_word' id='word_1_206' title='bbox 1110 2564 1212 2624; x_wconf 84' lang='lat' dir='ltr'><strong>dicere</strong></span> 
     </span>
     <span class='ocr_line' id='line_1_24' title="bbox 77 2661 1211 2742; baseline -0.002 -18"><span class='ocrx_word' id='word_1_207' title='bbox 77 2687 115 2725; x_wconf 84' lang='lat' dir='ltr'><strong>ex</strong></span> <span class='ocrx_word' id='word_1_208' title='bbox 128 2665 283 2739; x_wconf 78' lang='lat' dir='ltr'><strong>Poetria,</strong></span> <span class='ocrx_word' id='word_1_209' title='bbox 303 2664 356 2726; x_wconf 89' lang='lat' dir='ltr'><strong>ubi</strong></span> <span class='ocrx_word' id='word_1_210' title='bbox 376 2664 514 2726; x_wconf 86' lang='lat' dir='ltr'><strong>laudarit</strong></span> <span class='ocrx_word' id='word_1_211' title='bbox 532 2663 622 2726; x_wconf 85' lang='lat' dir='ltr'><strong>valde</strong></span> <span class='ocrx_word' id='word_1_212' title='bbox 642 2664 802 2723; x_wconf 82' lang='lat' dir='ltr'><strong>Caesarem</strong></span> <span class='ocrx_word' id='word_1_213' title='bbox 822 2661 940 2721; x_wconf 81' lang='lat' dir='ltr'><strong>iulium</strong></span> <span class='ocrx_word' id='word_1_214' title='bbox 955 2662 989 2721; x_wconf 91' lang='lat' dir='ltr'><strong>in</strong></span> <span class='ocrx_word' id='word_1_215' title='bbox 1004 2661 1066 2720; x_wconf 86' lang='lat' dir='ltr'><strong>suis</strong></span> <span class='ocrx_word' id='word_1_216' title='bbox 1081 2661 1211 2742; x_wconf 88' lang='lat' dir='ltr'><strong>scriptis,</strong></span> 
     </span>
     <span class='ocr_line' id='line_1_25' title="bbox 77 2760 1212 2835; baseline -0.003 -12"><span class='ocrx_word' id='word_1_217' title='bbox 77 2776 108 2824; x_wconf 90' lang='lat' dir='ltr'><strong>et</strong></span> <span class='ocrx_word' id='word_1_218' title='bbox 127 2764 229 2826; x_wconf 90' lang='lat' dir='ltr'><strong>etiam</strong></span> <span class='ocrx_word' id='word_1_219' title='bbox 250 2763 348 2824; x_wconf 86' lang='lat' dir='ltr'><strong>factis.</strong></span> <span class='ocrx_word' id='word_1_220' title='bbox 387 2764 531 2825; x_wconf 88' lang='lat' dir='ltr'><strong>Profecto</strong></span> <span class='ocrx_word' id='word_1_221' title='bbox 552 2783 623 2822; x_wconf 91' lang='lat' dir='ltr'><strong>cum</strong></span> <span class='ocrx_word' id='word_1_222' title='bbox 643 2760 704 2821; x_wconf 89' lang='lat' dir='ltr'><strong>hoe</strong></span> <span class='ocrx_word' id='word_1_223' title='bbox 725 2760 909 2821; x_wconf 88' lang='lat' dir='ltr'><strong>audivissem</strong></span> <span class='ocrx_word' id='word_1_224' title='bbox 922 2804 931 2835; x_wconf 92' lang='lat'><strong>,</strong></span> <span class='ocrx_word' id='word_1_225' title='bbox 944 2770 1018 2821; x_wconf 86' lang='lat' dir='ltr'><strong>crat</strong></span> <span class='ocrx_word' id='word_1_226' title='bbox 1037 2761 1117 2820; x_wconf 90' lang='lat' dir='ltr'><strong>mihi</strong></span> <span class='ocrx_word' id='word_1_227' title='bbox 1134 2762 1212 2822; x_wconf 91' lang='lat' dir='ltr'><strong>bene</strong></span> 
     </span>
     <span class='ocr_line' id='line_1_26' title="bbox 77 2859 1211 2944; baseline -0.003 -20"><span class='ocrx_word' id='word_1_228' title='bbox 77 2864 281 2942; x_wconf 77' lang='lat' dir='ltr'><strong>adjuratum,</strong></span> <span class='ocrx_word' id='word_1_229' title='bbox 314 2863 388 2942; x_wconf 89' lang='lat' dir='ltr'><strong>quie</strong></span> <span class='ocrx_word' id='word_1_230' title='bbox 407 2865 505 2944; x_wconf 81' lang='lat' dir='ltr'><strong>multa</strong></span> <span class='ocrx_word' id='word_1_231' title='bbox 530 2861 609 2942; x_wconf 82' lang='lat' dir='ltr'><strong>legi,</strong></span> <span class='ocrx_word' id='word_1_232' title='bbox 649 2870 680 2921; x_wconf 93' lang='lat' dir='ltr'><strong>et</strong></span> <span class='ocrx_word' id='word_1_233' title='bbox 700 2860 807 2920; x_wconf 90' lang='lat' dir='ltr'><strong>audivi</strong></span> <span class='ocrx_word' id='word_1_234' title='bbox 829 2859 864 2920; x_wconf 90' lang='lat' dir='ltr'><strong>iu</strong></span> <span class='ocrx_word' id='word_1_235' title='bbox 886 2861 975 2919; x_wconf 88' lang='lat' dir='ltr'><strong>Poesi</strong></span> <span class='ocrx_word' id='word_1_236' title='bbox 995 2860 1114 2922; x_wconf 83' lang='lat' dir='ltr'><strong>avobis</strong></span> <span class='ocrx_word' id='word_1_237' title='bbox 1136 2861 1211 2923; x_wconf 88' lang='lat' dir='ltr'><strong>dum</strong></span> 
     </span>
     <span class='ocr_line' id='line_1_27' title="bbox 77 2959 1210 3040; baseline -0.003 -17"><span class='ocrx_word' id='word_1_238' title='bbox 77 2965 127 3024; x_wconf 83' lang='lat' dir='ltr'><strong>fui</strong></span> <span class='ocrx_word' id='word_1_239' title='bbox 148 2965 187 3023; x_wconf 88' lang='lat' dir='ltr'><strong>iu</strong></span> <span class='ocrx_word' id='word_1_240' title='bbox 210 2963 358 3036; x_wconf 78' lang='lat' dir='ltr'><strong>colonia,</strong></span> <span class='ocrx_word' id='word_1_241' title='bbox 379 2971 412 3022; x_wconf 57' lang='lat' dir='ltr'><strong>et,</strong></span> <span class='ocrx_word' id='word_1_242' title='bbox 426 2961 509 3022; x_wconf 88' lang='lat' dir='ltr'><strong>dixi:</strong></span> <span class='ocrx_word' id='word_1_243' title='bbox 551 2959 708 3038; x_wconf 87' lang='lat' dir='ltr'><strong>Quoniam</strong></span> <span class='ocrx_word' id='word_1_244' title='bbox 727 2959 853 3039; x_wconf 89' lang='lat' dir='ltr'><strong>quidem</strong></span> <span class='ocrx_word' id='word_1_245' title='bbox 873 2959 968 3040; x_wconf 85' lang='lat' dir='ltr'><strong>igitur</strong></span> <span class='ocrx_word' id='word_1_246' title='bbox 987 2960 1142 3040; x_wconf 89' lang='lat' dir='ltr'><strong>incepistis</strong></span> <span class='ocrx_word' id='word_1_247' title='bbox 1161 2963 1210 3020; x_wconf 92' lang='lat' dir='ltr'><strong>lo-</strong></span> 
     </span>
     <span class='ocr_line' id='line_1_28' title="bbox 77 3058 1210 3142; baseline 0 -21"><span class='ocrx_word' id='word_1_248' title='bbox 77 3065 131 3142; x_wconf 89' lang='lat' dir='ltr'><strong>qui</strong></span> <span class='ocrx_word' id='word_1_249' title='bbox 154 3063 198 3121; x_wconf 90' lang='lat' dir='ltr'><strong>de</strong></span> <span class='ocrx_word' id='word_1_250' title='bbox 213 3063 355 3135; x_wconf 90' lang='lat' dir='ltr'><strong>Poetria,</strong></span> <span class='ocrx_word' id='word_1_251' title='bbox 393 3081 457 3121; x_wconf 91' lang='lat' dir='ltr'><strong>non</strong></span> <span class='ocrx_word' id='word_1_252' title='bbox 477 3059 566 3141; x_wconf 91' lang='lat' dir='ltr'><strong>potui</strong></span> <span class='ocrx_word' id='word_1_253' title='bbox 585 3079 636 3118; x_wconf 89' lang='lat' dir='ltr'><strong>me</strong></span> <span class='ocrx_word' id='word_1_254' title='bbox 655 3059 777 3138; x_wconf 80' lang='lat' dir='ltr'><strong>lougius</strong></span> <span class='ocrx_word' id='word_1_255' title='bbox 798 3059 967 3134; x_wconf 86' lang='lat' dir='ltr'><strong>occultare,</strong></span> <span class='ocrx_word' id='word_1_256' title='bbox 995 3069 1026 3119; x_wconf 90' lang='lat' dir='ltr'><strong>ct</strong></span> <span class='ocrx_word' id='word_1_257' title='bbox 1046 3058 1115 3119; x_wconf 90' lang='lat' dir='ltr'><strong>dico</strong></span> <span class='ocrx_word' id='word_1_258' title='bbox 1135 3059 1210 3121; x_wconf 89' lang='lat' dir='ltr'><strong>sim-</strong></span> 
     </span>
     <span class='ocr_line' id='line_1_29' title="bbox 76 3151 1208 3243; baseline -0.002 -23"><span class='ocrx_word' id='word_1_259' title='bbox 76 3151 225 3241; x_wconf 87' lang='lat' dir='ltr'><strong>pliciter,</strong></span> <span class='ocrx_word' id='word_1_260' title='bbox 248 3161 333 3239; x_wconf 92' lang='lat' dir='ltr'><strong>quod</strong></span> <span class='ocrx_word' id='word_1_261' title='bbox 353 3180 417 3220; x_wconf 89' lang='lat' dir='ltr'><strong>uon</strong></span> <span class='ocrx_word' id='word_1_262' title='bbox 439 3158 532 3219; x_wconf 90' lang='lat' dir='ltr'><strong>credo</strong></span> <span class='ocrx_word' id='word_1_263' title='bbox 548 3157 709 3230; x_wconf 82' lang='lat' dir='ltr'><strong>Gaesarem</strong></span> <span class='ocrx_word' id='word_1_264' title='bbox 727 3158 881 3238; x_wconf 88' lang='lat' dir='ltr'><strong>scripsisse</strong></span> <span class='ocrx_word' id='word_1_265' title='bbox 903 3159 959 3218; x_wconf 90' lang='lat' dir='ltr'><strong>illa</strong></span> <span class='ocrx_word' id='word_1_266' title='bbox 980 3161 1208 3243; x_wconf 78' lang='lat' dir='ltr'><strong>cornmeuterie,</strong></span> 
     </span>
     <span class='ocr_line' id='line_1_30' title="bbox 78 3255 1207 3336; baseline -0.006 -15"><span class='ocrx_word' id='word_1_267' title='bbox 78 3273 108 3321; x_wconf 85' lang='lat' dir='ltr'><strong>et</strong></span> <span class='ocrx_word' id='word_1_268' title='bbox 128 3261 208 3321; x_wconf 81' lang='lat' dir='ltr'><strong>volo</strong></span> <span class='ocrx_word' id='word_1_269' title='bbox 229 3260 346 3322; x_wconf 90' lang='lat' dir='ltr'><strong>dictum</strong></span> <span class='ocrx_word' id='word_1_270' title='bbox 368 3279 472 3318; x_wconf 88' lang='lat' dir='ltr'><strong>meum</strong></span> <span class='ocrx_word' id='word_1_271' title='bbox 497 3257 645 3318; x_wconf 86' lang='lat' dir='ltr'><strong>roborare</strong></span> <span class='ocrx_word' id='word_1_272' title='bbox 672 3255 732 3316; x_wconf 83' lang='lat' dir='ltr'><strong>lroc</strong></span> <span class='ocrx_word' id='word_1_273' title='bbox 753 3266 951 3336; x_wconf 86' lang='lat' dir='ltr'><strong>argumento,</strong></span> <span class='ocrx_word' id='word_1_274' title='bbox 988 3257 1071 3335; x_wconf 91' lang='lat' dir='ltr'><strong>quod</strong></span> <span class='ocrx_word' id='word_1_275' title='bbox 1096 3257 1140 3314; x_wconf 91' lang='lat' dir='ltr'><strong>sic</strong></span> <span class='ocrx_word' id='word_1_276' title='bbox 1158 3277 1207 3314; x_wconf 87' lang='lat' dir='ltr'><strong>so·</strong></span> 
     </span>
     <span class='ocr_line' id='line_1_31' title="bbox 77 3349 1209 3438; baseline -0.008 -19"><span class='ocrx_word' id='word_1_277' title='bbox 77 3369 147 3421; x_wconf 88' lang='lat' dir='ltr'><strong>nat:</strong></span> <span class='ocrx_word' id='word_1_278' title='bbox 194 3359 383 3438; x_wconf 88' lang='lat' dir='ltr'><strong>Quicunque</strong></span> <span class='ocrx_word' id='word_1_279' title='bbox 401 3357 493 3418; x_wconf 89' lang='lat' dir='ltr'><strong>habet</strong></span> <span class='ocrx_word' id='word_1_280' title='bbox 513 3355 672 3436; x_wconf 85' lang='lat' dir='ltr'><strong>negotium</strong></span> <span class='ocrx_word' id='word_1_281' title='bbox 694 3354 729 3422; x_wconf 84' lang='lat' dir='ltr'><strong>in</strong></span> <span class='ocrx_word' id='word_1_282' title='bbox 749 3355 851 3414; x_wconf 85' lang='lat' dir='ltr'><strong>armis·</strong></span> <span class='ocrx_word' id='word_1_283' title='bbox 870 3365 902 3416; x_wconf 90' lang='lat' dir='ltr'><strong>et</strong></span> <span class='ocrx_word' id='word_1_284' title='bbox 922 3351 1076 3414; x_wconf 87' lang='lat' dir='ltr'><strong>continuis</strong></span> <span class='ocrx_word' id='word_1_285' title='bbox 1093 3349 1209 3412; x_wconf 85' lang='lat' dir='ltr'><strong>labori-</strong></span> 
     </span>
     <span class='ocr_line' id='line_1_32' title="bbox 78 3450 1209 3538; baseline -0.007 -21"><span class='ocrx_word' id='word_1_286' title='bbox 78 3459 152 3534; x_wconf 86' lang='lat' dir='ltr'><strong>bus,</strong></span> <span class='ocrx_word' id='word_1_287' title='bbox 174 3459 232 3518; x_wconf 89' lang='lat' dir='ltr'><strong>ille</strong></span> <span class='ocrx_word' id='word_1_288' title='bbox 252 3478 316 3517; x_wconf 91' lang='lat' dir='ltr'><strong>nou</strong></span> <span class='ocrx_word' id='word_1_289' title='bbox 337 3465 437 3538; x_wconf 87' lang='lat' dir='ltr'><strong>potest</strong></span> <span class='ocrx_word' id='word_1_290' title='bbox 454 3455 601 3517; x_wconf 88' lang='lat' dir='ltr'><strong>Latinum</strong></span> <span class='ocrx_word' id='word_1_291' title='bbox 623 3453 749 3514; x_wconf 86' lang='lat' dir='ltr'><strong>discere.</strong></span> <span class='ocrx_word' id='word_1_292' title='bbox 791 3452 851 3511; x_wconf 89' lang='lat' dir='ltr'><strong>Sed</strong></span> <span class='ocrx_word' id='word_1_293' title='bbox 868 3453 912 3510; x_wconf 90' lang='lat' dir='ltr'><strong>sic</strong></span> <span class='ocrx_word' id='word_1_294' title='bbox 929 3460 989 3523; x_wconf 88' lang='lat' dir='ltr'><strong>est,</strong></span> <span class='ocrx_word' id='word_1_295' title='bbox 1006 3450 1209 3528; x_wconf 83' lang='lat' dir='ltr'><strong>quodCaesar</strong></span> 
     </span>
     <span class='ocr_line' id='line_1_33' title="bbox 78 3547 1206 3639; baseline -0.009 -22"><span class='ocrx_word' id='word_1_296' title='bbox 78 3579 203 3639; x_wconf 81' lang='lat' dir='ltr'><strong>semper</strong></span> <span class='ocrx_word' id='word_1_297' title='bbox 224 3556 288 3618; x_wconf 83' lang='lat' dir='ltr'><strong>fuit</strong></span> <span class='ocrx_word' id='word_1_298' title='bbox 309 3556 344 3616; x_wconf 87' lang='lat' dir='ltr'><strong>iu</strong></span> <span class='ocrx_word' id='word_1_299' title='bbox 370 3555 459 3616; x_wconf 87' lang='lat' dir='ltr'><strong>bellis</strong></span> <span class='ocrx_word' id='word_1_300' title='bbox 486 3576 526 3617; x_wconf 81' lang='lat' dir='ltr'><strong>ex</strong></span> <span class='ocrx_word' id='word_1_301' title='bbox 545 3551 688 3613; x_wconf 83' lang='lat' dir='ltr'><strong>maximis</strong></span> <span class='ocrx_word' id='word_1_302' title='bbox 708 3551 880 3622; x_wconf 85' lang='lat' dir='ltr'><strong>laboribus,</strong></span> <span class='ocrx_word' id='word_1_303' title='bbox 919 3567 990 3626; x_wconf 84' lang='lat' dir='ltr'><strong>ergo</strong></span> <span class='ocrx_word' id='word_1_304' title='bbox 1017 3567 1081 3606; x_wconf 90' lang='lat' dir='ltr'><strong>non</strong></span> <span class='ocrx_word' id='word_1_305' title='bbox 1106 3547 1206 3626; x_wconf 89' lang='lat' dir='ltr'><strong>potuit</strong></span> 
     </span>
     <span class='ocr_line' id='line_1_34' title="bbox 79 3645 1310 3737; baseline -0.012 -22"><span class='ocrx_word' id='word_1_306' title='bbox 79 3678 143 3716; x_wconf 84' lang='lat' dir='ltr'><strong>esse</strong></span> <span class='ocrx_word' id='word_1_307' title='bbox 159 3659 286 3730; x_wconf 90' lang='lat' dir='ltr'><strong>doctus,</strong></span> <span class='ocrx_word' id='word_1_308' title='bbox 307 3657 360 3716; x_wconf 89' lang='lat' dir='ltr'><strong>vel</strong></span> <span class='ocrx_word' id='word_1_309' title='bbox 376 3655 528 3734; x_wconf 17' lang='lat' dir='ltr'><strong>&#39;Latinum</strong></span> <span class='ocrx_word' id='word_1_310' title='bbox 549 3653 675 3713; x_wconf 88' lang='lat' dir='ltr'><strong>discere.</strong></span> <span class='ocrx_word' id='word_1_311' title='bbox 715 3649 837 3709; x_wconf 87' lang='lat' dir='ltr'><strong>Revera</strong></span> <span class='ocrx_word' id='word_1_312' title='bbox 855 3657 931 3728; x_wconf 91' lang='lat' dir='ltr'><strong>puto</strong></span> <span class='ocrx_word' id='word_1_313' title='bbox 952 3645 1048 3724; x_wconf 80' lang='lat' dir='ltr'><strong>igitur</strong></span> <span class='ocrx_word' id='word_1_314' title='bbox 1068 3664 1132 3704; x_wconf 88' lang='lat' dir='ltr'><strong>non</strong></span> <span class='ocrx_word' id='word_1_315' title='bbox 1149 3645 1208 3704; x_wconf 89' lang='lat' dir='ltr'><strong>ali·</strong></span> <span class='ocrx_word' id='word_1_316' title='bbox 1297 3722 1310 3737; x_wconf 74' lang='lat'><strong>..</strong></span> 
     </span>
     <span class='ocr_line' id='line_1_35' title="bbox 79 3737 1208 3836; baseline -0.014 -20"><span class='ocrx_word' id='word_1_317' title='bbox 79 3765 147 3832; x_wconf 88' lang='lat' dir='ltr'><strong>ter,</strong></span> <span class='ocrx_word' id='word_1_318' title='bbox 168 3737 262 3836; x_wconf 88' lang='lat' dir='ltr'><strong>quam</strong></span> <span class='ocrx_word' id='word_1_319' title='bbox 284 3756 368 3836; x_wconf 89' lang='lat' dir='ltr'><strong>quod</strong></span> <span class='ocrx_word' id='word_1_320' title='bbox 390 3755 555 3816; x_wconf 87' lang='lat' dir='ltr'><strong>Suetonius</strong></span> <span class='ocrx_word' id='word_1_321' title='bbox 578 3748 700 3829; x_wconf 87' lang='lat' dir='ltr'><strong>scripsit</strong></span> <span class='ocrx_word' id='word_1_322' title='bbox 718 3746 775 3808; x_wconf 87' lang='lat' dir='ltr'><strong>ista</strong></span> <span class='ocrx_word' id='word_1_323' title='bbox 794 3747 849 3806; x_wconf 88' lang='lat' dir='ltr'><strong>illa</strong></span> <span class='ocrx_word' id='word_1_324' title='bbox 869 3742 1097 3834; x_wconf 65' lang='lat' dir='ltr'><strong>Commentariis</strong></span> <span class='ocrx_word' id='word_1_325' title='bbox 1103 3785 1112 3820; x_wconf 93' lang='lat'><strong>,</strong></span> <span class='ocrx_word' id='word_1_326' title='bbox 1132 3744 1208 3823; x_wconf 86' lang='lat' dir='ltr'><strong>quia</strong></span> 
     </span>
     <span class='ocr_line' id='line_1_36' title="bbox 78 3841 1207 3934; baseline -0.012 -20"><span class='ocrx_word' id='word_1_327' title='bbox 78 3875 240 3934; x_wconf 84' lang='lat' dir='ltr'><strong>nunquam</strong></span> <span class='ocrx_word' id='word_1_328' title='bbox 264 3854 334 3916; x_wconf 87' lang='lat' dir='ltr'><strong>vidi</strong></span> <span class='ocrx_word' id='word_1_329' title='bbox 355 3855 507 3934; x_wconf 85' lang='lat' dir='ltr'><strong>aliquem,</strong></span> <span class='ocrx_word' id='word_1_330' title='bbox 540 3849 593 3931; x_wconf 90' lang='lat' dir='ltr'><strong>qui</strong></span> <span class='ocrx_word' id='word_1_331' title='bbox 623 3845 718 3924; x_wconf 85' lang='lat' dir='ltr'><strong>magis</strong></span> <span class='ocrx_word' id='word_1_332' title='bbox 744 3845 871 3906; x_wconf 85' lang='lat' dir='ltr'><strong>haberet</strong></span> <span class='ocrx_word' id='word_1_333' title='bbox 892 3841 1132 3902; x_wconf 88' lang='lat' dir='ltr'><strong>consimiliorem</strong></span> <span class='ocrx_word' id='word_1_334' title='bbox 1152 3841 1207 3902; x_wconf 89' lang='lat' dir='ltr'><strong>sti-</strong></span> 
     </span>
     <span class='ocr_line' id='line_1_37' title="bbox 78 3941 1207 4034; baseline -0.012 -20"><span class='ocrx_word' id='word_1_335' title='bbox 78 3953 146 4012; x_wconf 89' lang='lat' dir='ltr'><strong>lum</strong></span> <span class='ocrx_word' id='word_1_336' title='bbox 169 3953 309 4029; x_wconf 87' lang='lat' dir='ltr'><strong>Caesari,</strong></span> <span class='ocrx_word' id='word_1_337' title='bbox 332 3975 423 4034; x_wconf 87' lang='lat' dir='ltr'><strong>quam</strong></span> <span class='ocrx_word' id='word_1_338' title='bbox 435 3951 610 4012; x_wconf 87' lang='lat' dir='ltr'><strong>Suetonius.</strong></span> <span class='ocrx_word' id='word_1_339' title='bbox 654 3947 818 4024; x_wconf 88' lang='lat' dir='ltr'><strong>Postquam</strong></span> <span class='ocrx_word' id='word_1_340' title='bbox 838 3943 881 4001; x_wconf 89' lang='lat' dir='ltr'><strong>ita</strong></span> <span class='ocrx_word' id='word_1_341' title='bbox 900 3941 1062 4017; x_wconf 83' lang='lat' dir='ltr'><strong>dixissem,</strong></span> <span class='ocrx_word' id='word_1_342' title='bbox 1083 3943 1207 4000; x_wconf 60' lang='lat' dir='ltr'><strong>etmel:</strong></span> 
     </span>
    </p>
   </div>
   <div class='ocr_carea' id='block_1_3' title="bbox 78 4039 1318 4138">
    <p class='ocr_par' dir='ltr' id='par_1_3' title="bbox 78 4039 1318 4138">
     <span class='ocr_line' id='line_1_38' title="bbox 78 4039 1318 4138; baseline -0.012 -28"><span class='ocrx_word' id='word_1_343' title='bbox 78 4061 110 4110; x_wconf 89' lang='lat' dir='ltr'><strong>ta</strong></span> <span class='ocrx_word' id='word_1_344' title='bbox 133 4053 195 4112; x_wconf 87' lang='lat' dir='ltr'><strong>alia</strong></span> <span class='ocrx_word' id='word_1_345' title='bbox 214 4054 328 4127; x_wconf 84' lang='lat' dir='ltr'><strong>verba,</strong></span> <span class='ocrx_word' id='word_1_346' title='bbox 354 4073 432 4138; x_wconf 91' lang='lat' dir='ltr'><strong>quae</strong></span> <span class='ocrx_word' id='word_1_347' title='bbox 453 4052 505 4112; x_wconf 90' lang='lat' dir='ltr'><strong>hic</strong></span> <span class='ocrx_word' id='word_1_348' title='bbox 526 4072 617 4113; x_wconf 76' lang='lat' dir='ltr'><strong>causa</strong></span> <span class='ocrx_word' id='word_1_349' title='bbox 637 4044 796 4110; x_wconf 87' lang='lat' dir='ltr'><strong>brevitatis</strong></span> <span class='ocrx_word' id='word_1_350' title='bbox 818 4043 943 4116; x_wconf 89' lang='lat' dir='ltr'><strong>omitto,</strong></span> <span class='ocrx_word' id='word_1_351' title='bbox 978 4041 1051 4121; x_wconf 85' lang='lat' dir='ltr'><strong>quia</strong></span> <span class='ocrx_word' id='word_1_352' title='bbox 1069 4053 1105 4100; x_wconf 89' lang='lat' dir='ltr'><strong>ut</strong></span> <span class='ocrx_word' id='word_1_353' title='bbox 1123 4039 1206 4099; x_wconf 89' lang='lat' dir='ltr'><strong>scitis</strong></span> <span class='ocrx_word' id='word_1_354' title='bbox 1314 4090 1318 4094; x_wconf 88' lang='lat'><strong>.</strong></span> 
     </span>
    </p>
   </div>
   <div class='ocr_carea' id='block_1_4' title="bbox 77 4138 1206 4332">
    <p class='ocr_par' dir='ltr' id='par_1_4' title="bbox 77 4138 1206 4332">
     <span class='ocr_line' id='line_1_39' title="bbox 79 4138 1206 4232; baseline -0.01 -23"><span class='ocrx_word' id='word_1_355' title='bbox 79 4169 120 4209; x_wconf 81' lang='lat' dir='ltr'><strong>ex</strong></span> <span class='ocrx_word' id='word_1_356' title='bbox 150 4152 278 4232; x_wconf 85' lang='lat' dir='ltr'><strong>antiquo</strong></span> <span class='ocrx_word' id='word_1_357' title='bbox 307 4152 457 4213; x_wconf 90' lang='lat' dir='ltr'><strong>dicterio.</strong></span> <span class='ocrx_word' id='word_1_358' title='bbox 498 4151 642 4211; x_wconf 90' lang='lat' dir='ltr'><strong>Gaudent</strong></span> <span class='ocrx_word' id='word_1_359' title='bbox 667 4142 818 4208; x_wconf 86' lang='lat' dir='ltr'><strong>brevitate</strong></span> <span class='ocrx_word' id='word_1_360' title='bbox 844 4140 1004 4218; x_wconf 88' lang='lat' dir='ltr'><strong>moderni;</strong></span> <span class='ocrx_word' id='word_1_361' title='bbox 1037 4149 1110 4200; x_wconf 88' lang='lat' dir='ltr'><strong>tunc</strong></span> <span class='ocrx_word' id='word_1_362' title='bbox 1138 4138 1206 4198; x_wconf 88' lang='lat' dir='ltr'><strong>risit</strong></span> 
     </span>
     <span class='ocr_line' id='line_1_40' title="bbox 77 4240 1206 4332; baseline -0.013 -23"><span class='ocrx_word' id='word_1_363' title='bbox 77 4249 241 4330; x_wconf 84' lang='lat' dir='ltr'><strong>Erasmus,</strong></span> <span class='ocrx_word' id='word_1_364' title='bbox 263 4262 295 4315; x_wconf 84' lang='lat' dir='ltr'><strong>et</strong></span> <span class='ocrx_word' id='word_1_365' title='bbox 315 4252 398 4314; x_wconf 89' lang='lat' dir='ltr'><strong>nihil</strong></span> <span class='ocrx_word' id='word_1_366' title='bbox 418 4251 592 4332; x_wconf 84' lang='lat' dir='ltr'><strong>respoudit,</strong></span> <span class='ocrx_word' id='word_1_367' title='bbox 617 4246 785 4328; x_wconf 78' lang='lat' dir='ltr'><strong>quiscum</strong></span> <span class='ocrx_word' id='word_1_368' title='bbox 806 4249 867 4302; x_wconf 88' lang='lat' dir='ltr'><strong>tam</strong></span> <span class='ocrx_word' id='word_1_369' title='bbox 887 4240 993 4300; x_wconf 81' lang='lat' dir='ltr'><strong>subtili</strong></span> <span class='ocrx_word' id='word_1_370' title='bbox 1011 4247 1206 4322; x_wconf 84' lang='lat' dir='ltr'><strong>argumente-</strong></span> 
     </span>
    </p>
   </div>
   <div class='ocr_carea' id='block_1_5' title="bbox 933 4334 1037 4400">
    <p class='ocr_par' dir='ltr' id='par_1_5' title="bbox 933 4334 1037 4400">
     <span class='ocr_line' id='line_1_41' title="bbox 933 4334 1037 4400; baseline -0.014 0"><span class='ocrx_word' id='word_1_371' title='bbox 933 4334 1037 4400; x_wconf 69' lang='lat'><strong>10*</strong></span> 
     </span>
    </p>
   </div>
   <div class='ocr_carea' id='block_1_6' title="bbox 0 0 1440 4722">
    <p class='ocr_par' dir='ltr' id='par_1_6' title="bbox 0 0 1440 4722">
     <span class='ocr_line' id='line_1_42' title="bbox 0 0 1440 4722; baseline 0 4"><span class='ocrx_word' id='word_1_372' title='bbox 0 0 1440 4722; x_wconf 95' lang='lat' dir='ltr'><strong> </strong></span> 
     </span>
    </p>
   </div>
  </div>
 </body>
</html>
