2896 4716
406 323 954 392 cescumvutou.
1181 330 1242 398 241

107 497 202 559 eum3
223 491 253 544 et
273 477 409 544 enimam
431 479 497 562 ejus
518 482 556 544 de
577 481 705 545 inferno
724 479 871 544 liberabis
884 482 924 561 *).
946 483 1005 546 ,nr
1026 485 1154 550 teneatis
1170 510 1241 554 eum

110 584 144 644 in
165 581 405 655 consuetudine,
434 582 517 659 quod
539 603 661 662 semper
682 581 778 644 intrat
797 581 1016 661 disputationes
1031 585 1185 664 burseles,
1211 599 1242 652 et

111 682 195 760 quod
215 694 280 740 non
302 681 407 740 visitat
427 682 575 742 lectiones
592 681 726 742 Caesarii
742 681 794 741 vel
807 681 941 741 aliorum
959 683 1135 746 Poetarum.
1156 687 1242 748 Geu-

111 781 183 854 deo,
206 780 290 858 quod
310 779 473 860 scripsistis
494 781 588 856 mihi,
609 781 692 862 quod
712 779 863 844 Buschius
884 799 949 842 non
969 783 1162 864 estamplius
1178 786 1241 848 Co-

109 879 229 954 loniae,
250 879 322 960 quia
344 878 410 960 ipse
430 877 493 939 fuit
511 899 654 961 maguum
674 879 931 961 impedimentum
947 878 1173 957 Universitstis,
1191 905 1241 944 se-

110 979 225 1039 ducens
245 979 494 1059 suppositarum
516 1000 572 1040 sua
594 980 725 1041 Postria.
790 981 870 1039 Sunt
893 979 945 1040 hic
965 979 1058 1040 etiim
1080 979 1141 1039 duo
1161 981 1242 1044 Poe·

108 1091 176 1152 tse,
198 1078 344 1138 Eobanus
354 1079 485 1151 Hessos,
507 1090 539 1136 et
556 1080 697 1140 Petreius
716 1077 947 1158 Aperbachius‚
968 1077 1023 1158 qni
1042 1088 1115 1139 sunt
1134 1079 1242 1142 inimi·
1353 1087 1359 1102 ’

109 1177 138 1236 ci
161 1175 241 1248 mei,
277 1175 330 1236 scd
361 1196 510 1255 egonon
533 1197 608 1238 curo
629 1199 689 1239 eos.
752 1177 937 1256 Ubicunque
956 1177 1066 1238 vident
1085 1197 1152 1254 me,
1192 1177 1242 1242 lo·

111 1285 252 1356 quuntur
272 1274 321 1334 dex
333 1295 422 1336 ceusu
443 1275 569 1337 ioannis
588 1277 763 1350 R'euchlin,
786 1284 817 1335 et
838 1276 912 1336 dant
932 1272 1112 1352 circorum,
1134 1285 1165 1338 et
1186 1279 1243 1338 ob-

109 1374 284 1454 loquuntur
295 1373 480 1454 Theologis;
520 1394 575 1455 ego
597 1385 700 1436 sutem
721 1385 823 1449 taceo,
866 1374 1006 1453 quemvis
1034 1396 1136 1458 nuper
1156 1376 1242 1439 dixi:

107 1476 242 1535 Ioannes
263 1469 462 1534 Piefferkorn
482 1475 562 1534 bene
581 1474 638 1534 scit
659 1471 690 1537 ci
711 1474 831 1545 dicere,
860 1473 959 1554 qualis
981 1482 1043 1546 cst,
1070 1483 1102 1533 et
1122 1473 1243 1537 ostendi

108 1574 152 1632 eis
174 1573 292 1633 librum
310 1572 422 1652 ipsius,
455 1573 509 1650 qui
530 1571 708 1633 intitulatur
728 1571 878 1634 Defensio
898 1574 1031 1644 Ioannes
1041 1553 1265 1636 Pfefferkorn'*

106 1682 222 1732 contre
241 1671 385 1744 famosae,
407 1681 438 1730 et
457 1673 502 1730 sic
522 1672 615 1732 ebivi.
675 1673 740 1732 Det
759 1671 913 1730 Dominus
932 1671 1034 1746 Deus,
1070 1672 1153 1751 quod
1171 1693 1244 1732 sen·
1273 1657 1276 1661 ’

106 1769 212 1830 tentia
231 1769 317 1831 vedst
336 1789 395 1849 pro
415 1771 525 1845 vobis,
567 1770 642 1832 ulios
662 1771 713 1830 isti
730 1769 842 1830 Poetae
862 1769 1001 1830 fecerent
1023 1770 1112 1830 nobis
1132 1790 1243 1851 magne

106 1868 235 1930 frivolo.
298 1867 360 1926 Sed
381 1866 517 1928 habeatis
544 1869 631 1930 vobis
661 1868 753 1930 illum
772 1867 919 1948 juvenem
933 1868 1189 1930 commendatum
1212 1879 1243 1931 et

107 1967 245 2032 veleatis.
286 1969 403 2028 Datum
421 1967 596 2030 Erfurdiae.

149 2153 312 2230 Magister
332 2151 498 2212 conradis
521 2152 730 2254 Unkepbunck
750 2152 910 2232 Magistro
932 2095 1066 2210 Ortuiiso
1090 2151 1200 2210 Gratis

606 2253 638 2310 S.
648 2256 689 2311 P.
699 2253 742 2310 D.

184 2399 256 2472 „Os
277 2398 410 2476 hebent,
446 2411 477 2461 et
497 2421 561 2461 non
582 2401 747 2479 loquutur:
776 2400 882 2460 oculos
901 2397 1032 2471 hebent,
1055 2405 1086 2454 et
1105 2415 1169 2455 non
1189 2395 1239 2455 vi*

104 2499 245 2560 debuntr
267 2519 355 2558 eures
374 2499 503 2574 habent,
524 2511 555 2560 et
573 2519 637 2558 non
652 2499 779 2557 audient
785 2501 817 2573 ,“
837 2495 1006 2556 Psalmisto.
1046 2495 1133 2578 Haec
1145 2494 1241 2556 verba

102 2607 242 2678 possunt
262 2597 431 2667 introduci,
470 2609 501 2658 et
529 2596 724 2658 thematizsri
744 2597 783 2655 sd
803 2594 996 2676 propositum
1020 2613 1133 2652 merim.
1195 2593 1240 2656 M.

105 2695 264 2755 Ortuinus
285 2694 375 2756 habet
396 2716 446 2770 os,
484 2707 515 2757 et
536 2717 599 2757 nou
621 2696 777 2774 loquitur,
809 2694 852 2752 ite
878 2703 915 2752 ut
934 2693 1029 2752 semel
1052 2691 1167 2750 diceret
1181 2691 1240 2752 sli-

28 2793 31 2798 ’
105 2795 158 2854 eui
175 2794 358 2870 cortisano,
379 2797 435 2874 qui
455 2796 555 2864 tendit
574 2797 725 2868 Romam,
745 2794 883 2853 salutetis
903 2791 981 2851 mihi
1002 2790 1239 2852 nouandum
1286 2777 1294 2784 ’

104 2892 339 2954 Unkenbunck.
400 2895 441 2954 Et
462 2893 554 2954 habet
574 2895 678 2954 oculos
702 2903 732 2952 et
753 2913 816 2954 non
837 2891 937 2959 videt,
973 2891 1045 2971 quia
1072 2889 1182 2970 scripsi
1209 2893 1239 2949 ei

104 2993 221 3051 multas
243 2992 366 3068 literas,
397 3003 427 3050 et
449 3013 512 3052 non
532 2993 697 3073 respondet
717 2991 814 3066 mihi,
845 2990 931 3070 quasi
953 3011 1016 3050 non
1038 2991 1162 3069 legens,
1184 3009 1239 3048 seu

103 3091 225 3151 videns.
287 3091 327 3148 Et
348 3091 460 3151 tertio:
482 3091 574 3151 habet
595 3113 699 3166 aures,
720 3103 750 3152 et
770 3089 955 3164 nouandis,
986 3089 1059 3170 quie
1080 3107 1239 3146 commen·
1270 3166 1273 3172 .

105 3189 181 3250 davi
201 3190 308 3250 multis
335 3189 444 3259 sociis,
490 3191 612 3270 quondo
638 3191 765 3251 iverunt
786 3189 825 3247 nd
854 3198 973 3269 partes,
1016 3197 1052 3245 ut
1070 3186 1239 3244 salutarent

105 3309 189 3348 eum.
253 3288 315 3348 Sed
337 3287 403 3367 ipse
425 3308 489 3348 uon
510 3282 629 3349 audivit
649 3289 845 3348 salutationes
866 3305 965 3356 mess,
1001 3283 1075 3362 quis
1100 3301 1164 3342 non
1186 3301 1239 3342 re·
1272 3347 1275 3352 ,

104 3387 234 3468 spondit
252 3386 326 3446 illis
366 3389 450 3466 Ergo
469 3388 601 3469 peccetis
621 3389 728 3460 valde,
749 3385 823 3466 quia
843 3403 897 3464 ego
918 3399 987 3442 arno
1008 3399 1079 3441 vos:
1111 3392 1144 3440 et
1164 3401 1236 3460 ergo
1290 3467 1292 3471 Ι

103 3562 316 3576 *μή*

173 3664 199 3734 *)
225 3665 321 3717 Dieses
347 3666 410 3718 cdle
433 3658 707 3736 Erriehungssehikel
731 3664 780 3719 der
809 3672 890 3732 guten
912 3659 985 3712 alten
1010 3659 1071 3710 zeii
1094 3659 1160 3712 Wird
1177 3677 1238 3712 ”um

105 3751 207 3802 Troste
227 3749 310 3815 aller,
342 3751 389 3802 fiir
414 3751 461 3803 des
485 3752 638 3804 Seelenheil
659 3767 770 3802 unserer
794 3749 885 3801 lieben
907 3744 1012 3814 Jugend
1035 3745 1237 3798 bekiimmerten

102 3834 343 3901 xampresgegen
362 3835 414 3896 den
433 3837 564 3904 Zeitgeist
582 3837 610 3886 in
628 3833 830 3886 frenzdsischen
846 3830 990 3883 Instituten
1000 3847 1025 3894 ‚·
1038 3827 1094 3878 und
1111 3829 1139 3878 in
1157 3828 1238 3893 jenen

104 3916 156 3967 der
174 3917 295 3968 Jesuiten
313 3936 345 3968 zu
363 3919 494 3987 Freiburg
512 3920 549 3970 im
566 3917 719 3972 Uectuland
736 3916 791 3967 und
804 3914 902 3968 wallis
921 3911 1059 3979 gliicklich
1076 3911 1176 3962 wieder
1190 3930 1239 3979 ge-

101 3997 228 4050 breucht.
263 4000 315 4051 Die
332 4002 502 4070 Pygophilen
520 4001 827 4065 beiderGeschlechter,
846 3997 1086 4063 vondenitingeru
1101 3995 1238 4065 Loyola’s,

101 4081 157 4133 den
164 4085 248 4136 Peter
261 4084 384 4152 Girerds,
400 4087 527 4138 Marelli's
544 4085 597 4136 uud
612 4086 750 4153 Gamper's
766 4101 799 4134 sn
817 4082 858 4132 bis
873 4097 906 4130 2¹¹
920 4077 1192 4130 d0ss3i50s01n0⁰¹¹⁰¹²
1206 4096 1240 4129 Ν

100 4167 245 4236 Angsburg
260 4167 356 4232 hereb,
375 4169 465 4221 haben
478 4171 572 4222 immor
586 4159 745 4220 entsetzlich
760 4165 813 4222 viel
826 4165 875 4216 eui
887 4162 981 4214 diesen
988 4160 1076 4214 Punkt
1089 4161 1118 4214 iu
1131 4160 1240 4226 (101Ρῇ-

100 4249 223 4320 dagogik
238 4251 375 4319 gehulten.
412 4255 511 4310 &Wot
533 4254 697 4320 ,Busirem
716 4256 809 4323 lang,
837 4242 1008 4319 thgm‘iir
1028 4246 1156 4335 W&
