2846 4716
346 327 428 392 eno
450 288 659 400 numum
679 332 973 406 ariminen.
1026 355 1031 365 =
1163 331 1228 402 nea

95 500 154 566 eet,
176 502 211 552 nt
225 487 307 553 etan
329 489 435 568 dicam,
442 485 591 572 ”pastorea
612 489 825 572 mandragorae
845 491 957 574 poculo
973 493 1141 558 inebriant:
1162 513 1224 576 quo

95 587 161 670 illia
182 589 408 652 dormitantibus
428 591 489 674 ipsi
511 607 586 662 ovea
606 590 782 674 deglubent.
832 575 942 660 Videte
952 595 1059 676 igitur,
1080 595 1225 656 invictia-

93 690 171 752 nimi·
183 691 347 776 Principes,
369 713 459 772 quam
474 693 635 774 indignum
654 691 710 767 eit,
738 687 815 752 male
837 694 946 756 neraei
967 694 1005 754 de
1029 696 1109 760 bena
1127 695 1222 760 neri-

93 791 151 866 tie,
174 793 227 872 qui
255 815 294 854 ne
324 815 380 856 noe
403 794 587 876 periremus,
623 806 732 875 sponte
754 811 788 853 se
817 793 966 854 dederunt
995 793 1165 864 discrimini
1191 808 1223 856 et

93 893 252 956 mnhena
272 907 410 978 optarunt
434 913 499 954 esee
520 915 574 976 pro
593 894 753 969 ,tranium
774 893 827 973 qui
849 893 972 956 suntin
997 891 1127 972 Christo,
1156 917 1228 964 ma·-

93 994 141 1076 gie
162 1013 237 1056 vero
257 994 427 1057 honorandi
447 1009 518 1064 aunt
544 1016 607 1058 non
635 994 719 1075 quod
746 993 821 1056 haec
843 994 939 1056 velint
961 994 1038 1076 ipsi,
1067 995 1123 1058 „d
1152 992 1227 1077 quii
1340 989 1345 998 .

93 1095 223 1177 dignum
258 1108 304 1158 eet
329 1118 383 1178 pro
413 1077 540 1179 pieiete,
577 1117 632 1178 pro
667 1096 778 1177 patria,
822 1115 878 1178 pro
905 1097 995 1157 vobis
1029 1096 1223 1179 Principibua

91 1196 298 1277 pugnantibus
318 1199 419 1258 vicem
440 1195 567 1256 reddere
591 1197 841 1279 magnificentiae,
869 1219 930 1278 quc
954 1196 993 1274 ad
1011 1196 1134 1261 illorum
1154 1199 1242 1307 vir-⁸·

91 1308 172 1356 tutes
195 1297 328 1379 egregiae
349 1296 474 1380 posthac
495 1297 603 1358 caeteri
625 1317 745 1377 quoque
762 1298 892 1360 audeant
907 1311 937 1360 et
951 1298 1061 1374 majora
1075 1312 1223 1360 conentur
1293 1375 1295 1382 Ι

91 1397 228 1480 adgredi.
269 1399 429 1480 Siquidem
448 1397 505 1458 hac
525 1411 629 1480 pacata
649 1397 703 1459 lite
728 1412 758 1460 et
778 1399 918 1460 omnibus
939 1398 977 1458 ad
993 1398 1105 1463 Chrieti
1124 1420 1223 1464 evau-

92 1499 210 1583 gelium
231 1500 405 1584 compositis
425 1501 518 1562 tutius
538 1499 594 1560 erit
621 1519 794 1583 expugnare
816 1500 962 1576 Turcam,
997 1477 1099 1560 tutius⁴
1120 1499 1223 1564 ornari

91 1600 130 1674 ad
158 1603 322 1665 virtutem:
365 1621 439 1680 quae
466 1600 579 1664 ideirco
609 1613 670 1662 tam
699 1601 753 1665 diu
773 1598 928 1662 obliterata
949 1611 1011 1680 eet,
1041 1599 1126 1683 quod
1147 1597 1222 1662 nul·

88 1699 157 1764 lum
181 1701 229 1768 illi
252 1715 333 1764 esset
350 1702 526 1782 praemium.
567 1701 648 1764 Nam

175 1803 283 1874 Nulla
301 1803 359 1864 auh
381 1803 514 1883 indigno
534 1805 640 1864 virtue
659 1814 705 1864 eet
725 1805 880 1882 Principe
901 1813 992 1880 tnio5

174 1906 282 1970 Nulla
304 1902 360 1964 end
381 1905 496 1964 incerto
514 1904 611 1966 raetia
630 1914 675 1964 eet
692 1903 801 1982 gloria
818 1924 898 1985 rege.

91 2002 222 2066 Posthac
241 2007 331 2066 etiam
351 2023 441 2066 nemo
462 2017 524 2068 tam
538 1999 627 2062 facile
643 2003 769 2064 tentabit
784 2003 960 2084 pudicitiam
975 2003 1219 2088 conjugatorum

90 2104 171 2166 nihil
190 2103 338 2170 valebunt
358 2103 477 2167 iraudea
500 2101 775 2185 Indulgentiarnmt
804 2125 926 2168 eecurae
948 2116 1036 2165 erunt
1065 2104 1219 2186 virgineae

90 2205 212 2267 florebit
231 2206 346 2287 pietnsr
381 2201 496 2266 levabit
521 2225 554 2266 ee
582 2202 785 2288 vagehum
810 2205 931 2266 iamiam
952 2223 1146 2286 oppressum:
1167 2226 1221 2267 re-

89 2307 252 2368 florescent
272 2307 422 2368 extinctae
444 2323 526 2388 oper,
549 2304 697 2368 extinctae
718 2303 850 2368 litterae:
882 2305 1007 2368 conluta
1027 2304 1132 2370 divina
1154 2305 1218 2368 hu·

89 2427 239 2487 mariaque
268 2408 369 2470 omnia
383 2407 423 2466 'in
451 2426 541 2474 auum
561 2407 753 2469 restituentur
779 2406 918 2469 nitorem.
966 2407 1003 2467 In
1030 2407 1218 2484 universum,

90 2508 116 2568 ai
134 2507 306 2590 praedones
330 2507 378 2570 illi
406 2505 603 2583 exibilentur,
634 2508 737 2571 omnia
763 2521 828 2570 tnta
857 2525 1020 2588 securaque
1039 2520 1135 2574 erunt.
1177 2508 1220 2570 Et

90 2609 229 2689 quamvis
250 2619 383 2690 apertum
408 2609 465 2686 eit,
488 2607 572 2670 nulla
588 2630 621 2670 re
634 2606 698 2672 illia
718 2629 774 2670 noe
796 2629 862 2670 esee
884 2609 1050 2684 obnoxios,
1071 2631 1127 2670 nec
1148 2627 1220 2674 eut·-

88 2710 184 2793 pieai‘i
204 2709 329 2788 quidem
349 2709 409 2770 boc
429 2709 541 2791 possit,
570 2721 684 2770 uttam
704 2709 861 2791 indignam
881 2709 937 2770 snb
960 2707 1022 2772 illie
1043 2711 1220 2772 eervitutem

90 2829 213 2896 agamus
242 2822 357 2872 ettam
386 2810 542 2891 ingentem
567 2807 629 2870 illis
657 2809 816 2890 pecuniam
847 2810 1066 2892 profundimus
1098 2811 1218 2888 baana

90 2933 154 2974 non
178 2931 263 2976 ceaeo
282 2923 382 2971 tamen
403 2910 508 2974 adhuc·
521 2908 676 2974 latioribus
705 2913 886 2994 argumentis
907 2912 1049 2994 probare,
1066 2909 1157 2974 nihil
1174 2909 1218 2972 il·

88 3011 126 3074 lie
157 3011 271 3075 deberi.
320 3012 391 3072 Duo
420 3023 491 3079 eunt
519 3010 553 3075 iu
580 2993 657 3091 quae
684 3011 767 3074 aiunt
796 3012 926 3074 eonierri
955 3035 1021 3074 earu
1047 3013 1228 3096 pecuniann:

55 3147 59 3152 ·
90 3135 181 3195 qnam
202 3111 365 3190 abradunt3
392 3113 426 3172 in
454 3113 679 3194 expeditionem
698 3125 802 3174 contra
822 3115 970 3190 Tuccam,
1001 3129 1031 3176 et
1051 3116 1219 3198 reparatio·

89 3236 164 3278 nem
184 3235 282 3278 sacrae
309 3213 393 3274 aedis
421 3212 487 3278 divi
512 3213 604 3274 Petri.
626 3215 694 3292 „Da
724 3211 921 3296 expeditione
951 3215 985 3276 in
1006 3215 1136 3276 Turcam
1155 3215 1218 3297 ipsi

90 3316 192 3392 eutis,
214 3314 287 3394 quid
309 3327 407 3376 actum
426 3315 481 3377 rite
523 3311 603 3374 nihil
623 3327 669 3377 ent
689 3313 772 3394 quod
791 3334 849 3378 voa
869 3314 919 3376 bic
942 3314 1084 3390 doceam3
1112 3329 1215 3380 centro

89 3415 170 3479 malo
194 3415 352 3478 didicistis.
400 3415 505 3495 thue
532 3415 570 3476 etl
589 3415 707 3476 Italiam
727 3417 860 3496 pervasit
879 3417 988 3476 Turne.
1029 3417 1145 3478 Romae
1160 3429 1216 3492 est,

89 3517 205 3580 Romae
232 3517 345 3580 saevite
380 3537 444 3578 non
471 3513 685 3597 illegentilia,
710 3514 764 3578 aed
787 3516 896 3597 quonia
916 3515 1029 3598 gentile
1051 3514 1218 3578 infideliort

92 3617 201 3698 quovis
223 3617 324 3680 Tucca
350 3617 492 3699 perfidior
518 3629 606 3695 atque
633 3613 840 3679 truculentior.
887 3615 970 3679 Nolo
990 3616 1129 3698 refricare
1150 3601 1217 3678 rem

90 3732 149 3784 ram
169 3719 260 3786 vobis
276 3732 392 3780 notam.
435 3717 485 3780 Ad
505 3714 629 3779 alterurn
651 3715 780 3792 accedo,
805 3737 869 3797 quo
898 3718 1059 3800 pecuniam
1079 3717 1138 3780 eibi
1159 3718 1218 3778 de-

90 3819 156 3882 beri
174 3833 298 3902 putant,
320 3819 359 3879 ad
380 3817 579 3882 extruendum
597 3816 744 3899 templum
764 3817 798 3878 in
818 3817 917 3878 aliern
929 3819 1095 3901 provincia.
1137 3818 1215 3897 Quia

91 3919 152 3984 boo
171 3921 307 3984 admittat
328 3932 364 3982 ut
377 3919 519 3984 Germani
539 3921 624 3982 beato
639 3919 727 3982 Petro
743 3917 878 4001 phanum
892 3933 1062 3980 eximamur
1076 3919 1157 3982 ultra
1168 3931 1226 3982 tot:

92 4021 233 4099 miliaria,
260 4033 306 4088 tae
332 4015 426 4104 Alpee
453 4033 485 4082 et
511 4029 629 4084 montes
658 4017 838 4100 altiseirucet
880 4017 966 4082 velut
993 4019 1088 4083 bodie
1109 4021 1215 4082 iudai-

92 4123 217 4188 eandum
237 4120 328 4188 nobie
347 4124 403 4200 ait,
424 4120 476 4183 vel
491 4133 582 4192 ,vetus
600 4118 680 4184 illud
700 4118 902 4187 eamlendun
920 4119 1071 4206 templum
1097 4121 1226 4188 Hiero-t

94 4223 219 4302 solimis,
232 4221 316 4308 quod
330 4237 390 4284 tam
400 4223 611 4305 'emendique
626 4219 673 4284 illi
688 4219 945 4298 olim—tuebantur,
959 4245 993 4284 ae
1008 4224 1213 4298 aedificabant,

93 4328 230 4392 omnibue
250 4326 283 4392 in
304 4305 365 4394 lico
384 4323 808 4406 numptiuenntribnentibne.
837 4323 936 4409 7de
953 4343 1017 4386 non
1037 4323 1214 4408 ria-*inperia
