2872 4722
413 183 691 322 osseo-a.
731 247 963 344 varon.-
1190 255 1247 322 161
1292 233 1294 236 ’

332 436 336 442 -
366 427 369 434 ’
404 398 671 464 ἘΡΙΤΗΑΡΗΙΔ
696 393 954 468 HOGSTRA'TI.

199 499 276 568 Ira,
290 498 408 580 furor,
429 499 546 572 rabies,
566 500 674 573 dotus,
696 489 908 594 inclementia,
925 507 1019 577 liuor,

159 629 163 636 ,
261 599 353 658 Dum
368 597 456 658 cadit
473 603 664 680 Hogstratus
673 641 685 676 ,
705 623 766 663 non
783 604 917 665 cecidere
932 607 1037 668 siccut.

197 700 291 760 Haec
306 699 363 757 illc
378 697 517 776 insipido
528 687 642 777 possut
649 701 818 778 plantaria
840 703 936 785 11th
950 778 960 796 l

260 797 392 877 Ingenii
407 795 491 858 dotes
508 808 538 857 et
556 811 752 860 monunmnto
770 804 832 861 cui.

614 899 755 961 ALIUD.
1018 961 1022 978 ,

199 995 335 1056 sternite
349 991 389 1053 ub
404 995 553 1068 hectorei,
574 1011 713 1058 crescant
724 1002 850 1059 aconito
865 1001 1040 1088 sepulchro,

260 1096 372 1155 Ausus
386 1107 470 1170 erat,
490 1095 548 1156 sub
570 1119 603 1157 eo
622 1102 679 1180 qui
688 1103 796 1175 jacet,
816 1121 902 1160 omne
916 1101 1018 1182 nesae.

610 1199 754 1262 ALIUD.
854 1243 856 1248 .

195 1292 395 1366 Fletc'male',
411 1297 548 1376 gaudete
562 1295 633 1356 boni
639 1336 650 1368 ,
673 1318 754 1357 mors
767 1317 833 1357 una
843 1295 976 1358 duorum

258 1394 298 1452 Iu
313 1395 412 1454 aredio
431 1399 557 1456 veniens
569 1397 703 1456 abstulit
715 1397 782 1469 tis,
805 1395 965 1456 dedistis.

487 1549 490 1557 .
602 1496 748 1556 ALIUD.

194 1593 264 1652 Hic
275 1595 365 1668 jacet
379 1595 587 1674 Hogstratus,
601 1595 853 1676 viventemserre
860 1598 996 1678 patique

266 1693 358 1770 Quem
368 1703 499 1770 potuere
518 1695 614 1763 muli,
642 1715 704 1754 non
720 1706 849 1773 potuere
869 1692 952 1753 boni.

197 1787 553 1870 &aequoqueeueedens
566 1796 636 1855 uita
653 1793 841 1874 indignatus
867 1791 906 1850 ab
932 1793 1001 1869 itta,

257 1893 399 1950 Maestus
417 1890 454 1950 ob
469 1891 542 1962 huc,
563 1893 646 1974 quod
659 1914 721 1952 non
736 1893 815 1971 plus
827 1893 1002 1976 nocuisset,
1016 1899 1099 1954 erat.

103 1986 173 2068 Ego
192 1998 224 2046 et
239 1988 399 2069 plebanus,
414 1991 543 2070 ¹quando
562 1992 738 2053 invenimus
758 1990 844 2050 illam
859 1991 1015 2068 cedulam,
1037 2003 1112 2053 tunc
1128 1975 1244 2057 ivimus
1341 2033 1345 2046 ι

26 2119 30 2125 -
104 2087 146 2146 ad
167 2087 314 2162 domum,
337 2097 368 2148 et
384 2089 536 2169 jacuimus
553 2093 625 2173 plus
647 2111 740 2172 qaam
759 2101 828 2150 octo
849 2100 904 2150 aut
923 2092 1156 2178 quatuordecim
1177 2095 1244 2154 dies

102 2206 217 2264 supra,
237 2194 271 2246 et
292 2207 358 2248 non
377 2177 537 2269 potuimus
556 2191 732 2270 intelligere
739 2214 748 2268 ;
768 2188 848 2248 mihi
867 2190 1002 2264 videtur,
1025 2191 1107 2269 quod
1131 2211 1180 2250 me
1196 2203 1242 2254 at·

101 2285 227 2366 tingant
250 2286 307 2345 illa
329 2296 442 2361 metra,
464 2290 537 2370 quia
552 2293 816 2368 etatHogstrutue
834 2286 984 2347 interius:
1005 2287 1059 2347 sed
1078 2307 1133 2368 ego
1150 2288 1240 2350 etiam

100 2367 226 2464 cogito,
261 2385 344 2464 quod
365 2407 429 2446 non
446 2389 598 2468 attingant
624 2408 675 2446 me
700 2395 789 2446 aute:
830 2385 904 2464 quia
920 2406 975 2472 ego
998 2406 1062 2446 non
1081 2389 1178 2448 vocor
1198 2389 1241 2474 ita

97 2482 135 2542 in
158 2481 301 2556 Latino,
335 2484 388 2544 sed
405 2505 502 2546 vocor
518 2486 654 2552 ¹lacobus
671 2485 708 2544 cle
722 2486 791 2542 alto
800 2483 924 2560 platea,
956 2484 1010 2544 vel
1028 2485 1063 2545 in
1083 2487 1240 2547 teutonico
1352 2550 1359 2556 ,

95 2579 201 2640 Jacob
223 2583 355 2662 Hegstr.
415 2586 522 2662 Quare
542 2605 598 2666 ego
620 2586 708 2645 mitto
730 2583 817 2642 illam
835 2582 959 2643 literam
982 2583 1118 2654 advos,
1157 2587 1240 2666 quod
1265 2631 1267 2634 -
1330 2584 1334 2591 ’
1370 2641 1375 2658 ,

95 2701 157 2741 vos
182 2679 288 2740 velitis
308 2702 375 2742 eam
396 2683 616 2767 interpretare,
638 2694 678 2743 an
699 2681 777 2743 velit
796 2701 863 2755 me,
896 2682 950 2742 vel
968 2681 1073 2742 aliam.
1116 2683 1151 2743 Si
1174 2683 1240 2746 vult

96 2799 152 2839 me
164 2779 264 2858 (quod
276 2800 331 2861 ego
344 2784 408 2844 non
419 2785 512 2844 eredo
522 2828 531 2860 ,
542 2784 617 2866 quia
630 2803 685 2863 ego
699 2779 801 2842 adhuc
815 2801 880 2840 uon
894 2801 962 2840 eum
979 2778 1151 2863 mortuus),
1165 2793 1239 2845 tune
1285 2835 1290 2852 ,

96 2879 176 2942 volo
198 2877 433 2958 inquisitionem
448 2882 567 2959 facere,
589 2893 619 2943 et
633 2883 756 2963 quando
778 2902 833 2964 ego
846 2881 945 2941 habeo
966 2877 1054 2957 eum,
1077 2885 1237 2948 tuncvolo

96 2978 159 3038 sibi
178 2997 279 3036 unum
299 2979 749 3062 balneump1·aeparare,quod
771 3000 835 3041 non
847 2980 937 3040 debet
948 2980 1051 3040 ridere
1058 3004 1067 3059 3
1089 3001 1144 3062 ego
1157 2982 1237 3043 bene
1282 3049 1286 3072 ι
1368 3029 1372 3050 ,

95 3097 238 3158 possum.
278 3079 344 3160 Ego
364 3078 464 3140 habeo
484 3079 537 3139 hic
558 3101 657 3141 unum
676 3081 739 3141 bon
815 3079 987 3154 fautorem,
1009 3080 1064 3160 qui
1077 3090 1122 3140 est
1136 3082 1235 3144 Lans—

95 3197 234 3236 mannus
251 3197 353 3252 meus,
376 3187 407 3238 ct
425 3178 481 3258 iile
492 3190 538 3240 est
553 3180 690 3254 Stafirus,
708 3091 880 3261 Οὲἓίηὼε
898 3180 995 3239 sancti
1010 3179 1153 3256 Eusebii3
1181 3183 1235 3240 illc

96 3276 193 3338 debet
216 3275 295 3337 bene
315 3269 516 3357 praeparere,
545 3280 629 3360 quod
647 3280 752 3341 veniat
769 3280 808 3340 ad
822 3299 1000 3351 carcerem,
1034 3285 1065 3334 et
1086 3276 1168 3356 quod
1189 3277 1233 3338 ibi

96 3376 242 3436 comedat
260 3396 372 3456 panem
388 3385 418 3436 et
432 3397 541 3457 aquam
550 3420 559 3451 ,
582 3389 613 3436 et
628 3377 755 3438 heberet
764 3377 980 3459 pestilentiam.
1022 3375 1128 3452 Quare
1140 3373 1233 3436 facite
1307 3375 1309 3381 ’

96 3475 310 3558 diligentiam,
331 3485 362 3534 et
374 3476 498 3536 scribite
510 3476 588 3536 mihi
599 3489 733 3537 mentem
743 3488 893 3550 vestram,
914 3482 951 3534 ut
964 3473 1022 3531 sim
1041 3472 1231 3536 certioratus.
1322 3547 1324 3551 Ι

95 3575 164 3655 Ego
186 3574 280 3634 etiam
292 3575 415 3649 audivi,
437 3577 519 3656 quod
537 3578 645 3637 Joaun.
660 3572 859 3637 Pfefferkorn
873 3583 949 3634 essct
962 3572 1075 3633 iterum
1088 3572 1230 3648 iudaeus,

95 3675 180 3756 quod
203 3695 260 3754 ego
274 3695 339 3735 non
355 3674 446 3734 credo
455 3717 464 3747 ,
487 3675 559 3754 quia
576 3675 668 3734 etiam
682 3675 830 3735 dixerunt
844 3683 913 3732 ante
927 3673 1003 3732 duos
1022 3672 1074 3734 vel
1091 3682 1153 3731 tres
1173 3691 1230 3732 an·

94 3794 171 3846 nos,
193 3773 371 3854 quodenset
388 3773 563 3836 combustus
585 3774 764 3856 Margruvio
781 3773 816 3832 in
829 3771 946 3845 Hallis,
972 3768 1026 3828 sed
1050 3768 1141 3829 etiam
1163 3769 1228 3831 non

94 3873 157 3933 tuit
169 3881 281 3934 verum
299 3872 338 3932 de
353 3894 409 3949 eo,
430 3873 484 3933 sed
497 3873 535 3934 de
547 3872 626 3947 alio,
650 3864 706 3953 qui
717 3872 810 3932 etiam
822 3871 865 3930 sic
876 3870 1054 3944 vocabatur,
1076 3868 1138 3929 fuit
1148 3869 1228 3929 bene

92 3991 213 4033 verum.
246 3973 315 4052 Ego
328 3993 394 4032 non
409 3972 501 4033 credo
509 4013 518 4046 ,
541 3972 624 4053 quod
637 3971 690 4032 fiat
701 3969 946 4042 Mammalucca,
955 3965 1030 4047 puia'
1042 3967 1108 4047 ipse
1121 3968 1246 4032 scribit,

92 4083 200 4132 contra
212 4073 365 4147 Iudaeos,
389 4081 419 4132 et
433 4083 510 4130 esset
523 4071 615 4130 etiam
632 4059 974 4152 omnibusDoetoribus
988 4064 1176 4156 Theologiae
1191 4063 1224 4124 in

92 4170 240 4246 Colonia,
264 4181 297 4232 et
308 4169 452 4233 omnibus
462 4169 730 4260 Praedicatoribm
746 4168 892 4241 dedecus,
914 4163 988 4246 quia
999 4160 1065 4246 ipsc
1079 4164 1141 4226 fuit
1154 4183 1223 4252 eum

974 4257 1013 4324 11
