2866 4724
210 305 322 375 316Ι
507 308 1046 396 ,ΕΡιετοιΑΕ

96 446 99 459 ¹
194 476 264 546 -tnr
281 471 461 524 erratorum.
503 465 594 543 Mag.
613 466 678 527 Ort.
745 465 795 526 He
814 465 972 530 benedicto
995 467 1096 534 Deus.
1117 467 1213 530 vultis
1227 467 1341 538 dicere,

210 563 294 644 quod
315 572 418 624 nostra
434 561 535 624 Biblin
555 563 636 624 nihil
656 564 762 624 valet?
788 566 919 624 Reuohl.
944 566 1033 640 Non,
1056 565 1178 642 hercle3
1204 579 1281 629 snnt
1294 579 1344 630 ta-

118 707 123 714 .
210 662 470 742 rumperemus,
491 681 569 741 quse
591 661 988 744 oensoriuindigentnotu.
1041 669 1134 744 Mag.
1157 669 1260 745 (ltingt.¹
1280 677 1284 687 “
1302 668 1345 726 Et

210 771 381 842 queunte,
411 781 468 840 per
489 770 622 820 vestrum
636 759 752 820 fidem?
773 765 893 822 Erasnu
913 765 1066 843 corrupta
1088 774 1132 824 est
1152 767 1344 826 Graeciser-

209 861 310 922 monis
329 859 496 920 translatio.
534 865 625 940 Mag.
644 863 746 940 Gurg„
774 862 951 940 Corrupto?
982 863 1023 922 Et
1041 875 1162 922 sanetus
1181 864 1343 943 Hierony-

209 979 362 1028 mnenon
383 959 504 1019 valebat
524 958 590 1037 ipse
614 960 691 1018 bcue
711 960 790 1019 sicut
809 959 887 1020 ros?
916 961 1047 1020 Renelrl.
1078 961 1201 1040 Indigni
1223 977 1342 1034 suiuus,

208 1061 262 1142 qui
283 1060 468 1142 Hieronymi
489 1057 616 1136 vestigia
642 1058 863 1126 deosculemur.
904 1061 1007 1138 lllag:
1028 1060 1094 1120 Ore.
1136 1063 1243 1136 Quare
1268 1082 1341 1140 ergo

209 1159 304 1221 vultis
327 1178 397 1216 enrn
418 1156 595 1236 corrigere?
635 1161 757 1217 Ernsm.
801 1158 981 1238 (lon-igere,
1002 1159 1148 1238 Jupiter?
1169 1161 1234 1218 imo
1255 1179 1341 1232 vero,

208 1279 300 1340 quem
318 1257 402 1318 dedit
414 1257 487 1336 ipso,
510 1255 740 1316 translationem
755 1256 925 1317 restituere.
952 1258 1039 1336 Mag.
1055 1260 1137 1334 Lrsp.
1156 1258 1218 1318 Per
1226 1258 1340 1316 bouem

208 1359 388 1430 veritatem,
410 1375 479 1414 ecce
495 1356 607 1414 bonurn
629 1355 803 1416 restituero!
826 1355 885 1416 hoe
894 1376 981 1436 ergo,
1004 1357 1088 1436 quod
1103 1377 1159 1416 nos
1171 1365 1340 1416 scaurorum

208 1457 346 1540 quotidie
356 1454 547 1528 inlieulesia,
562 1475 625 1512 non
638 1466 683 1512 est
695 1454 808 1514 bonum
818 1455 832 1512 'l
849 1455 913 1514 etsi
923 1475 985 1514 non
1001 1465 1044 1516 est
1055 1456 1185 1527 bonum,
1199 1476 1341 1535 percon-

206 1577 354 1637 sequens,
381 1553 418 1613 de
440 1563 510 1632 post
529 1551 634 1616 multis
654 1554 743 1614 annis
765 1554 880 1614 erravit
894 1553 1055 1612 Ecclesia?
1075 1553 1207 1614 Renehl.
1227 1555 1340 1614 Eccle-

206 1659 283 1718 siam
306 1673 420 1716 errnsse
441 1672 504 1712 non
525 1651 664 1712 dicimus.
704 1655 795 1731 Mag.
814 1654 911 1732 Ging.
931 1653 1016 1730 Quid
1039 1673 1112 1734 ergo
1133 1655 1229 1714 rultis
1253 1655 1340 1714 dice-

207 1757 266 1819 re?
298 1758 418 1814 Erasrn.
461 1751 564 1812 Multa
586 1771 672 1832 posse
693 1753 805 1814 melius
825 1752 905 1820 dici,
938 1771 1029 1828 quam
1051 1754 1137 1831 prins
1156 1755 1237 1812 dictu
1259 1763 1338 1814 sunt.
1422 1815 1423 1836 χ

161 1873 163 1880 ’
207 1861 299 1934 Mag.
318 1854 383 1914 Ort.
405 1849 465 1910 Sed
486 1871 543 1930 per
563 1861 695 1914 vestram
716 1851 829 1918 fidem,
850 1851 904 1931 qui
926 1851 996 1910 ostis
1017 1851 1093 1912 vos?
1120 1854 1228 1912 dicetis
1249 1854 1338 1913 nobis

206 1974 316 2037 purum
339 1960 475 2012 vestrum
496 1969 626 2022 nomen,
671 1949 696 2007 si
715 1952 815 2030 placet
836 1950 933 2016 vobis.
972 1949 1103 2010 Renuhl.
1140 1954 1256 2012 Sumus
1278 1951 1337 2022 illi,

207 2074 284 2137 quos
303 2061 419 2111 norunt
439 2069 562 2123 omnes,
583 2049 741 2112 Reus-latin
769 2061 801 2112 et
826 2051 985 2112 Erasmus.
1034 2053 1125 2130 Mag.
1147 2055 1232 2128 an.
1286 2053 1336 2112 Ho

206 2157 291 2215 lesus
312 2148 633 2228 Mn1·in,capntfncit
655 2148 732 2207 milri
753 2148 868 2208 mulum
880 2193 891 2224 ,
911 2148 1033 2230 quondo
1055 2170 1111 2229 ego
1135 2151 1227 2208 sudio
1249 2150 1337 2229 loqui

206 2253 245 2315 de
265 2250 362 2312 vobis.
401 2252 493 2328 Mag.
507 2247 600 2328 Ging.
624 2247 701 2324 Quis
724 2247 864 2308 diabolus
885 2249 987 2308 educit
1007 2268 1063 2309 vos
1084 2247 1157 2309 nic?
1178 2271 1234 2330 ego
1252 2271 1336 2310 erum

173 2349 179 2354 ’
204 2355 284 2414 bene
304 2348 485 2431 hebreetqui
506 2356 593 2406 orant
614 2346 821 2408 zizaniatoros.
851 2349 973 2412 Ernsm.
1015 2346 1132 2410 Acrius
1153 2349 1333 2422 irascimini,

205 2471 297 2533 qnam
317 2447 441 2528 parsit.
472 2449 563 2526 Mag.
579 2445 644 2508 Ort.
679 2445 862 2507 Irascimur?
883 2467 941 2526 per
954 2448 1054 2521 Deos,
1077 2446 1103 2506 si
1124 2469 1220 2508 essem
1241 2451 1334 2528 Papo,

204 2571 261 2612 vos
282 2557 313 2608 et
333 2564 448 2618 omnes,
470 2548 524 2626 qni
543 2544 680 2606 similant
699 2545 787 2606 vobis
798 2587 807 2619 ,
830 2546 933 2606 essetis
951 2546 1227 2619 excommunicati,
1249 2557 1335 2624 unte-

205 2669 297 2731 quarn
317 2654 395 2706 esset
414 2665 492 2707 unus
512 2643 633 2704 mensis.
673 2645 804 2706 Reuchl.
828 2645 892 2706 Cur
912 2645 971 2720 itu,
993 2646 1128 2726 quaeso?
1148 2648 1333 2724 Mng.an.

203 2749 318 2810 Nonne
351 2756 396 2806 est
428 2746 508 2803 bons
538 2743 639 2802 ratio'l
701 2763 757 2804 vos
784 2743 884 2808 fucitis
910 2765 993 2824 nunc
1020 2765 1127 2807 omnes
1154 2744 1334 2818 haereticos.

203 2851 326 2909 Ernsm.
347 2845 447 2921 Quum
464 2843 615 2902 haeresim
636 2840 923 2906 disseminavimusl
944 2847 1035 2924 Mag.
1050 2845 1144 2922 Ging.
1164 2846 1235 2917 Tot,
1249 2843 1333 2922 quod
1421 2823 1422 2854 ἲ

205 2967 262 3026 ego
284 2964 348 3004 non
367 2961 490 3023 possum
512 2940 624 3000 dicere.
670 2944 763 3021 Mag.
786 2943 853 3004 Ort.
903 2943 1069 3024 Interpone
1098 2940 1159 3003 tuis
1186 2943 1226 3002 de
1245 2952 1333 3022 parte

204 3043 340 3118 diaboli,
382 3042 545 3120 interpone
566 3038 645 3114 tuis,
691 3041 866 3104 letinisotor
886 3042 1030 3115 Erssme,
1074 3052 1104 3102 et
1125 3053 1157 3100 te
1176 3041 1330 3114 similiter,

203 3161 306 3225 grosse
328 3140 453 3202 insumis
469 3138 635 3202 Reuchlin.
676 3142 805 3204 lienclrl.
846 3139 996 3220 Nunquid
1025 3140 1117 3200 etiam
1146 3160 1253 3201 rerum
1273 3160 1331 3198 no·

202 3255 335 3303 strnrnrn
355 3237 542 3318 satagimus?
561 3241 653 3318 Mag.
667 3241 750 3316 Lup.
770 3240 834 3302 Vos
844 3239 944 3300 facitis
956 3249 1069 3312 vestras
1087 3240 1204 3301 febres:
1225 3247 1327 3299 utrum

202 3319 390 3424 pertirrefed
405 3359 458 3402 vos
472 3340 626 3418 corrigere
640 3337 834 3420 magnificati
854 3341 975 3404 Emrm.
1005 3338 1101 3416 Quid,
1122 3339 1241 3410 amulio,
1264 3339 1327 3398 illio

203 3439 419 3504 correximus?
442 3438 538 3502 multa
558 3439 678 3513 dicitis,
699 3437 781 3500 nihil
801 3437 947 3518 probatis.
969 3441 1062 3517 Mag.
1079 3437 1173 3515 Ging.
1191 3438 1328 3498 Siunus·

203 3542 331 3629 quinque
351 3538 563 3616 interponeret
583 3538 659 3610 suis,
694 3537 799 3598 omnis
824 3536 933 3596 melius
952 3535 1045 3609 irent,
1072 3557 1164 3616 quam
1191 3557 1257 3596 non
1279 3536 1326 3596 fs-

202 3643 297 3704 niunt.
337 3639 467 3704 Reuchl,
487 3637 600 3698 Nonne
622 3635 730 3708 etiam,
751 3634 834 3714 quod
853 3646 992 3698 nostrum
1011 3635 1150 3710 interest,
1171 3635 1326 3698 fecimus?

203 3746 295 3820 Mag.
312 3740 379 3798 Ort.
418 3737 506 3811 Non,
527 3757 584 3818 per
604 3734 687 3794 diem
706 3744 849 3796 sanctam.
889 3737 1010 3796 marm.
1030 3736 1148 3794 Docere
1168 3755 1240 3814 ergo
1255 3756 1327 3814 nos,
1420 3739 1421 3780 1

202 3842 278 3924 quid
298 3849 402 3913 nostra
422 3837 559 3910 referet,
595 3845 630 3898 ut
649 3832 777 3894 consilio
804 3843 904 3894 vestro
932 3833 1149 3922 prudentiores
1172 3834 1249 3894 fecti
1276 3853 1327 3893 re-
1420 3895 1421 3918 ᾗ

201 3942 392 4021 είῃὶεοαωιιε,
430 3939 520 4014 Mag.
536 3938 618 4014 Lup.
653 3933 766 4014 Currite
785 3929 824 3989 de
842 3941 944 3992 vestro
965 3932 1079 4007 lutino,
1098 3932 1200 4012 ¹fa‘cite
1217 3942 1325 4012 metra,
1420 3937 1421 3940 ’

202 4039 295 4102 facite
316 4055 438 4112 magnas
459 4035 629 4101 orationes,
650 4031 741 4108 ferite
761 4030 1055 4110 imprimerelibros
1075 4032 1112 4091 de
1133 4032 1224 4091 modo
1255 4031 1326 4091 lsti-

202 4136 338 4202 nissndi.
354 4135 485 4200 Reuolzl.
505 4133 595 4194 Nihil
608 4132 646 4192 de
666 4128 759 4192 Deo?
779 4132 869 4208 Meg.
887 4129 981 4210 Ging.
1000 4131 1087 4222 lion,
1108 4132 1147 4191 de
1161 4140 1249 4210 parte
1260 4131 1326 4190 dja.

202 4237 361 4307 bolinon,
397 4217 470 4316 qnia
489 4255 553 4300 non
567 4230 701 4318 pertinet
720 4228 758 4294 ud
779 4247 842 4290 ros.
902 4229 1022 4292 Erarnu
1083 4229 1132 4294 Ad
1147 4249 1223 4311 qnos
1233 4228 1327 4310 igitur
