2866 4724
187 268 259 365 cic
315 361 320 380 „
496 300 847 370 orruoor
888 281 977 378 vit

190 459 281 536 foro,
301 456 337 522 in
357 456 505 535 macello,
525 456 586 524 boc
600 459 663 541 ipsi
681 459 851 537 devorant,
881 457 942 522 hoc
956 455 1018 542 ipsi
1034 457 1239 544 abligurinnt,
1260 463 1329 528 aci·

190 559 286 624 melia
306 558 442 634 ventris,
477 570 509 620 et
524 559 566 620 ad
587 559 671 622 nibil
690 561 863 622 utiles-uisi
882 562 923 623 nd
943 561 1157 624 belluandum.
1183 581 1187 586 ·
1218 563 1329 644 Neque

188 660 275 722 enim
297 658 492 741 praedicant,
514 679 574 722 nec
593 659 720 734 docent,
741 680 800 720 nco
819 663 970 732 scribunt,
996 682 1055 725 nec
1075 661 1259 738 sacrificant,
1274 683 1330 727 nc·

189 781 250 842 que
269 759 352 820 bono
372 757 478 840 aliquo
499 759 644 841 exemplo
666 759 876 840 praecedunt,
920 771 957 821 ut
986 761 1143 822 immerito
1172 760 1251 822 baec
1272 762 1331 822 nli-

189 859 259 941 quis
279 857 314 921 in
333 857 398 919 illis
419 859 635 921 calumnietur.
697 860 738 919 Et
758 877 856 940 quum
878 860 939 942 ipsi
961 861 1047 928 nihil
1066 860 1180 925 horum
1201 860 1333 935 faciant,

187 978 292 1040 neque
318 958 396 1020 alios
424 958 553 1021 mittunt
579 959 615 1020 in
645 979 774 1020 messem
802 959 1001 1040 domiui-qui
1020 969 1207 1042 operentnrt
1251 959 1330 1023 etsi

188 1080 261 1119 cern
280 1057 333 1120 vel
352 1057 479 1120 fcitum
498 1058 550 1120 vel
570 1060 715 1120 maximis
732 1060 876 1140 precibus
899 1059 1070 1124 asciverint
1086 1061 1243 1142 aliquem,
1258 1058 1330 1139 ..qui

187 1179 263 1222 vere
280 1159 386 1220 doctus
398 1160 448 1233 cit,
470 1158 532 1219 nisi
550 1160 677 1242 palpet,
698 1159 760 1222 nisi
780 1160 819 1223 ad
840 1161 984 1242 plausum
1001 1160 1159 1238 loquatur,
1182 1159 1251 1222 nisi
1268 1159 1331 1220 dis-

187 1257 327 1330 simulet,
347 1259 509 1332 connivet,
532 1269 564 1320 et
583 1259 644 1321 nisi
664 1280 790 1341 prorsus
811 1259 906 1320 etiam
927 1260 1116 1334 consentiat,
1134 1259 1252 1323 *stetim
1275 1259 1328 1320 de-

185 1358 310 1439 jicitur3
352 1370 537 1420 execrentur
555 1359 646 1422 velut
667 1359 852 1422 inidoneum
872 1359 912 1422 ad
932 1360 1064 1422 verbum
1087 1359 1149 1419 Dei
1170 1359 1330 1420 seminan-

122 1519 126 1530 ,
187 1458 280 1529 dum,
296 1459 550 1540 occasionemque
564 1459 719 1538 arripiunt
735 1461 1001 1540 qualemcunque,
1023 1471 1059 1521 ut
1075 1469 1179 1520 notam
1192 1460 1245 1522 illi
1256 1459 1330 1520 iuu-

185 1563 256 1618 rant
276 1558 453 1637 haereseos,
488 1571 525 1619 ut
543 1555 702 1640 neg'otinm
721 1561 772 1620 illi
800 1560 917 1620 faciant
937 1579 1008 1618 cum
1030 1558 1184 1640 mgistris
1204 1559 1330 1632 nostris,

185 1679 263 1738 quos
289 1658 400 1721 fovent
432 1658 520 1720 velut
547 1679 715 1738 praecones
742 1670 772 1722 et
801 1659 980 1720 defensores
1008 1659 1160 1720 scelerum
1189 1677 1329 1720 suornm.

186 1757 249 1818 Sed
270 1757 345 1818 lieet
363 1757 414 1818 illi
434 1767 593 1838 torpeant,
635 1759 691 1820 ille
718 1767 823 1820 tamen
845 1758 1074 1839 Samaritanus,
1116 1755 1173 1839 qui
1193 1757 1328 1818 custodit

186 1855 362 1932 civitatem,
385 1876 451 1918 non
472 1857 668 1933 dormitabit,
690 1879 792 1938 neque
808 1859 958 1940 dormiet:
991 1859 1047 1918 ille
1060 1857 1214 1920 custodiet
1225 1877 1327 1938 popu-

183 1946 251 2017 lum¹
272 1978 374 2019 sunm.
417 1955 483 2017 Scit
500 1959 598 2032 enim,
621 1978 699 2037 quos
720 1957 822 2036 elegit,
843 1957 897 2038 qui
918 1957 981 2019 sint
1002 1958 1078 2037 ejus,
1097 1957 1155 2037 qui
1172 1977 1326 2038 premun-

185 2065 238 2118 tur
259 2067 291 2118 et
307 2056 464 2138 suspirant
490 2057 547 2118 sub
574 2057 635 2118 boc
653 2056 730 2137 jugo
746 2057 925 2127 Pharaonis
935 2067 967 2118 et
999 2057 1033 2122 in
1063 2067 1206 2138 tempore
1229 2075 1326 2118 exau-

186 2156 251 2217 diet
271 2177 378 2238 preces
396 2177 558 2219 servorum
579 2179 716 2220 suornm.
757 2157 790 2217 S.
810 2159 1044 2238 Theologorum
1064 2155 1176 2236 uliquis
1197 2176 1250 2216 me
1270 2177 1326 2222 ro,-

186 2266 245 2332 eat,
266 2276 331 2317 nou
343 2276 467 2337 possum
488 2257 674 2338 praestolari
693 2257 846 2319 sermonis
867 2257 972 2318 finem.
1012 2260 1054 2317 P.
1068 2257 1260 2336 Dntaopera
1273 2257 1327 2326 de-

187 2355 301 2432 clinas,
321 2377 363 2416 ne
384 2377 495 2418 verum
518 2357 633 2418 audias.
689 2359 722 2417 S.
743 2353 995 2418 conciliabulum
1017 2355 1170 2416 indictum
1185 2369 1242 2419 est
1263 2358 1325 2418 Go-

185 2457 307 2531 loniae,
328 2467 420 2538 atque
440 2456 506 2518 illio
525 2477 603 2536 opus
625 2477 695 2518 mco
716 2479 817 2520 suasu.
878 2460 921 2520 Ρ.
941 2454 1177 2536 Quid-bocru
1198 2465 1254 2518 cst.
1293 2458 1324 2518 S.

186 2557 366 2616 Moliuntur
385 2555 533 2618 nonnihil
555 2555 700 2642 adversus
721 2558 874 2620 studiosos
901 2565 934 2617 et
965 2555 1095 2638 optimus
1113 2555 1242 2620 litteras.
1283 2561 1325 2620 P.

186 2655 268 2715 Rem
288 2654 415 2716 inanem
437 2666 606 2716 consutor:
634 2668 700 2719 erat
721 2658 754 2717 id
767 2657 871 2718 statim
891 2655 985 2718 initio
1007 2655 1201 2732 faciendum,
1237 2678 1327 2722 nnuc

189 2773 295 2814 omnes
317 2755 450 2834 sapiunt.
490 2753 671 2817 Narrabuut
690 2757 793 2819 surdis
812 2757 959 2837 fabulam.
1001 2757 1034 2814 S.
1053 2754 1145 2816 Nibil
1158 2777 1244 2818 nunc
1256 2777 1325 2820 ver·

187 2838 235 2914 bis
255 2875 394 2935 agemus,
416 2855 527 2915 amodo
548 2857 600 2918 rel
615 2857 747 2940 scriptis,
762 2858 825 2940 ¹sed
847 2856 1197 2920 miraculisasuuemus
1217 2858 1322 2939 sophi-

187 2954 294 3015 stioen.
335 2957 377 3014 P.
397 2955 467 3028 Ha„
484 2957 650 3016 miraculis.
710 2959 743 3017 S.
774 2957 898 3018 Novum
922 2957 1056 3036 aliquem
1080 2957 1207 3018 Scotum
1229 2957 1325 3040 finge-

189 3075 275 3131 mus,
289 3053 342 3115 vel
364 3042 703 3129 doctorem-sanctum,
724 3058 779 3139 qui
799 3056 966 3120 reviviscat
986 3057 1158 3126 amortuis,
1177 3058 1324 3120 affirmet·-

190 3175 267 3236 qne,
287 3155 407 3216 nullam
419 3155 574 3236 potiorem
591 3178 656 3219 esse
678 3158 900 3240 Theologinm,
927 3177 1020 3243 quum
1043 3168 1141 3218 erasse
1162 3157 1220 3218 illa
1240 3179 1322 3220 com·

189 3265 293 3322 menta
313 3255 455 3315 Thomas
461 3298 471 3332 ,
492 3246 545 3318 vel
564 3258 692 3319 subtilia
711 3259 797 3319 Scoti
816 3256 945 3318 somnia.
993 3261 1036 3319 P.
1059 3258 1121 3319 Abi
1141 3277 1232 3339 ergo:
1273 3258 1325 3320 sed

191 3357 329 3431 eveniat,
351 3364 442 3438 opto,
464 3365 500 3417 ut
518 3355 601 3420 illud
619 3359 777 3422 Berneuse
797 3357 1099 3439 machinamentum,
1132 3377 1196 3439 quo
1221 3357 1323 3442 dignas

190 3456 340 3520 scelerum
359 3475 475 3540 paenas
493 3456 591 3520 luunt.
