2872 4722
386 332 932 422 osscon.vlsos.
1094 327 1097 333 ‘
1160 301 1218 400 flt

88 491 328 559 inritamina,
363 491 447 572 qnod
469 489 615 565 videntis,
644 510 684 550 sn
704 505 760 549 vos
780 485 912 550 finxistis
933 489 1005 568 ille,
1033 500 1064 552 et
1084 491 1221 555 scribatis

88 594 177 654 mihi.
218 593 260 654 Et
285 602 331 652 cst
359 590 440 650 illud
463 609 586 650 carmen
606 587 753 669 scriptum
781 590 814 648 in
842 597 942 649 morte
960 591 1102 672 Magistri
1123 597 1222 656 nostri

89 691 201 774 Sotplsi
214 734 232 782 ,·
256 690 291 750 in
312 691 406 760 bursa
424 689 551 764 Kncck,
586 688 641 769 qui
662 689 738 748 olim
759 688 930 768 composuit
949 690 1078 767 glossam
1098 694 1222 754 notabi-

87 795 168 865 lem,
191 801 224 851 et
243 809 343 863 nunc,
366 785 448 869 proh
469 787 575 862 dolor,
597 798 644 846 est
661 796 809 848 mortuus.
863 789 1047 870 Requiescst
1068 791 1104 854 in
1124 797 1220 873 pace!

87 893 128 952 Et
146 900 193 953 cst
212 889 258 948 sic
279 887 445 948 initiatum.

168 989 233 1051 Hic
252 985 331 1048 obiit
351 1007 450 1048 unum
470 985 720 1049 solennissimum
745 973 954 1070 suppositum,
987 1011 1046 1073 per
1067 990 1220 1076 Spiritum
1301 989 1307 1010 ‘

88 1091 238 1150 Sanctum
258 1085 462 1147 Universitati
481 1095 598 1147 natum.

175 1208 242 1286 Qui
262 1205 344 1262 rexit
368 1203 404 1260 in
423 1200 518 1262 bursa
542 1203 648 1264 Kneck

171 1305 224 1366 Do
246 1301 348 1362 macht
371 1321 406 1362 er
425 1301 476 1362 die
497 1297 620 1382 copulat
638 1321 703 1363 von
723 1298 780 1368 kot
798 1326 839 1368 zu
860 1305 963 1370 drcck.

170 1403 245 1462 Osi
266 1402 422 1478 potuisset
447 1401 571 1461 diutius
598 1404 720 1473 vivere,

169 1503 216 1560 Et
228 1501 307 1578 plus
331 1504 366 1558 in
383 1501 491 1580 glossa
515 1500 649 1560 notabili
670 1502 825 1564 scribere!

173 1601 271 1660 Tunc
288 1600 472 1674 adjuvasset
491 1600 573 1659 hanc
597 1603 853 1672 Universitatem‚

171 1703 217 1760 Et
236 1700 388 1759 docuisset
404 1701 558 1760 scholares
580 1701 689 1760 bonam
713 1703 924 1764 latinitatem:

174 1798 239 1858 Sed
262 1820 358 1868 nunc,
389 1811 557 1879 postquam
582 1801 725 1871 decessit,

173 1900 223 1956 Et
239 1898 454 1958 Alexandrum
472 1899 610 1958 nondum
625 1903 705 1958 satis
721 1905 888 1980 expressit.-

178 1999 374 2057 Universitas
398 1999 485 2078 luget
508 2019 600 2058 suum
624 1999 804 2076 membrum,

169 2099 333 2175 Tanquam
347 2119 442 2157 unam
466 2099 623 2158 lucernam
643 2101 694 2160 vel
714 2100 944 2173 candelabrum,

171 2194 268 2288 Quod
286 2197 376 2276 lstnge
395 2198 516 2278 lateque
537 2200 639 2273 luxit,

167 2299 238 2355 Per
258 2294 448 2364 doctrinam,
476 2317 556 2376 quae
578 2296 618 2354 ab
639 2318 672 2356 eo
691 2298 806 2374 fluxit.

166 2395 271 2454 Nemo
288 2407 353 2454 tam
373 2395 446 2456 bene
465 2398 595 2472 scripsit
618 2400 868 2472 constructiones,

168 2497 228 2554 Εἴ
238 2493 443 2572 confundebat
456 2499 573 2556 Poetae
592 2495 666 2552 illos
685 2494 831 2574 husones,
861 2507 863 2512 “

98 2587 101 2603 ’
177 2594 246 2672 Qui
271 2613 331 2652 non
348 2607 425 2654 recte
439 2595 566 2654 discum
584 2596 847 2663 Grammaticam,

153 2695 243 2752 'Per
263 2691 412 2772 Logicam
423 2735 433 2770 ,
453 2697 661 2754 scientiarum
689 2697 869 2770 scientiam,

111 2825 130 2846 s
167 2795 216 2853 Et
240 2793 277 2850 in
290 2791 361 2867 fide
383 2813 445 2851 non
463 2805 537 2852 sunt
555 2795 750 2865 illuminati,

169 2891 246 2954 Ideo
266 2913 288 2950 a
304 2904 415 2950 sancta
440 2881 583 2953 Ecclesia
601 2895 751 2964 alienati,

165 2995 213 3052 Et
233 2994 263 3050 si
282 3011 345 3050 non
368 2992 478 3052 volunt
495 3005 573 3052 recte
594 2996 739 3072 opinari,
910 3059 912 3066 ,

174 3095 264 3151 Tunc
283 3088 392 3148 debent
412 3111 472 3168 per
490 3095 700 3172 Hogstratum
722 3096 928 3154 concremari:

152 3191 240 3282 ’Qui
262 3210 284 3248 a
306 3191 455 3250 Ioannem
471 3193 629 3251 &achlin
653 3197 729 3267 jam
755 3193 886 3269 citavit,

170 3287 236 3350 Sed
258 3301 294 3348 tu
310 3289 399 3359 audi,
413 3291 501 3349 Deus
518 3294 717 3368 omnipotens,

172 3387 268 3466 Quod
284 3409 340 3468 ego
363 3407 415 3448 oro
437 3391 570 3466 supplex
592 3411 630 3450 ac
649 3393 752 3470 flens:

169 3492 228 3548 Da
241 3500 361 3549 nsortuo
381 3489 511 3548 mailro
531 3491 679 3570 favorem
697 3492 939 3566 sempiternum,

168 3591 215 3649 Et
237 3592 325 3647 mitte
346 3591 463 3649 Poetae
491 3589 536 3648 ad
558 3589 738 3669 infimum!

166 3701 255 3766 Mihi
272 3704 414 3774 videtur,
454 3705 538 3785 quod
558 3717 603 3766 est
624 3683 776 3787 optimuin
797 3723 936 3776 carmen,
980 3697 1041 3764 sed'
1060 3723 1125 3776 non
1146 3707 1220 3780 scio,

85 3804 245 3888 quomodo
268 3805 365 3868 debeo
386 3805 533 3866 scandere
540 3849 549 3882 ,
572 3807 645 3887 quia
665 3813 711 3864 est
730 3803 872 3863 mirabile
889 3823 1004 3882 genus,
1026 3813 1056 3863 et
1075 3823 1131 3884 ego
1150 3815 1220 3865 tan-

85 3919 152 3968 tum
174 3907 240 3966 scio
260 3905 407 3965 scandere
428 3905 616 3966 hexametro.
656 3905 729 3964 Non
742 3891 863 3963 'debetis
883 3901 965 3984 pati,
1003 3902 1086 3982 quod
1108 3903 1220 3984 aliquis

85 4005 291 4087 reprehendit
311 4015 416 4067 vestre
434 4006 588 4064 carmine:
623 4014 655 4065 et
674 4002 771 4083 igitur
785 4003 922 4066 scribatis
941 4001 1037 4076 mihi,
1071 4012 1145 4061 tunc
1162 4023 1217 4082 ego

86 4107 159 4168 volo
180 4125 238 4178 vos
260 4103 431 4166 defendero
451 4125 548 4186 usque
568 4103 606 4163 ad
628 4103 777 4164 ducllum.
854 4103 896 4165 Et
917 4101 1033 4163 valete!
1074 4099 1127 4166 Ex
1148 4105 1220 4165 Mo'-

86 4207 222 4269 nasterio
242 4207 277 4268 in
297 4202 503 4285 Westphalia.

498 4323 805 4344 W
