2840 4718
443 329 860 444 ultuo'GUS.
1149 346 1210 413 48!

81 501 167 561 intra
194 487 318 560 nudos
335 511 432 560 annos
460 497 494 558 tn
517 485 728 578 indulgentias
756 517 813 558 nos
840 499 1037 577 contulimus
1070 497 1210 568 certatim

82 621 191 660 omnes
214 597 418 672 maximati,
440 598 497 658 sub
517 607 680 678 praetextu
700 599 752 658 vel
772 598 897 660 Turcici
922 600 1015 676 belli,
1053 605 1107 664 vel
1134 625 1210 667 con·
1266 591 1273 610 ⁹

80 701 310 780 gregandorunr
325 689 555 771 'conciliorum
607 697 657 759 tel
683 697 870 779 templorum
892 699 1210 783 'exaedificandum

80 821 219 880 quasque
240 799 331 859 etium
341 799 472 858 Romans
494 794 635 856 misimus
653 817 711 877 pro
741 798 879 858 emendis
909 799 1122 882 episcoporum
1142 805 1211 884 pol·

80 899 150 970 liis,
173 899 309 978 singulas
330 897 460 977 siugulis
486 896 575 956 aunis
597 897 779 958 ducatorum
809 898 976 978 myriudas‚
1009 911 1067 962 ant
1086 922 1123 962 eo
1143 922 1211 965 um·
1314 917 1322 938 ‘
1360 885 1363 894 λ

78 998 164 1078 plius
185 998 277 1058 etium
288 1021 297 1074 3
317 1014 436 1078 proque
457 985 581 1055 anoctis
596 995 829 1088 beneficiorum,
852 995 1116 1077 *quemadmodum
1136 1021 1212 1064 con·-

77 1097 256 1158 stitutiones
280 1097 372 1172 illae,
416 1115 492 1177 quse
518 1095 711 1155 concordus
736 1095 914 1178 principum
941 1099 1130 1168 Germaniae
1150 1121 1210 1163 vc·

77 1207 167 1273 cunt,
192 1198 374 1279 codgerunt:
402 1195 512 1277 quibus
544 1194 682 1254 astutius
696 1193 778 1254 nihil
818 1195 1048 1279 violentiusque
1079 1203 1209 1281 eiteogi·
1323 1263 1333 1284 ·

79 1297 140 1357 ruri
155 1295 587 1378 potuissesli'omenensibusc
608 1311 683 1372 ques
706 1294 797 1354 etiam
812 1313 853 1354 ex
870 1305 917 1357 tot
929 1297 1034 1374 bullis,
1055 1301 1211 1381 supplica-

79 1396 235 1471 tionibus,
260 1394 522 1468 concessionibus,
550 1393 724 1474 ptivil'egiis
751 1403 963 1456 corraserant:
1001 1417 1075 1484 quas
1097 1399 1211 1460 deindo
1296 1383 1298 1390 ¹

80 1515 121 1553 ex
140 1505 189 1556 tot
208 1495 328 1576 regnis,
347 1495 570 1578 potentatibus,
592 1493 738 1569 urbrbus‚
766 1487 868 1574 pagis,
899 1495 1115 1576 vectigalibus,
1143 1499 1212 1562 sine

78 1594 191 1669 modo,
236 1594 304 1654 sine
329 1593 543 1680 misericordia
567 1602 779 1666 extorserunt,
820 1612 970 1674 nusquam
993 1597 1210 1675 cessisse'alio‚

77 1713 174 1774 quam
193 1694 229 1755 in
248 1691 304 1753 hus
323 1693 545 1774 pauperculas,
566 1701 658 1771 etque
677 1693 713 1752 id
733 1693 857 1772 quidem
878 1693 1084 1772 sanctissime,
1114 1719 1212 1772 scen

80 1793 262 1873 evangelica
280 1795 373 1875 plane
393 1793 620 1873 apostoticaque
648 1790 796 1853 doctrina.
835 1795 958 1853 Hanno.
980 1795 1125 1876 Magnam
1153 1821 1211 1860 ex·

77 1894 262 1974 pilutiouem
281 1894 466 1954 Germaniae
487 1911 665 1970 enumerae3
685 1892 810 1967 mirum,
831 1910 994 1976 superesse
1013 1896 1089 1977 ipsis
1109 1899 1212 1960 adhuc

78 1993 237 2073 pecunias.
278 1997 375 2053 Puer.
395 1993 465 2052 Hco
484 1999 543 2066 est,
566 1989 648 2072 quod
672 1992 778 2052 dolent
796 1993 865 2068 illi,
905 1994 944 2054 ad
964 2013 1030 2056 sese
1052 2017 1117 2058 non
1139 2019 1206 2059 om·
1299 1990 1301 2000 ’

76 2113 135 2152 nes
154 2092 282 2154 deferri.
321 2095 442 2152 Henuo.
463 2093 525 2152 Sed
545 2091 661 2166 cedo‚''
682 2093 870 2152 mulier-esne
890 2093 973 2153 soloe
994 2106 1087 2165 sunt,
1130 2119 1210 2178 quae

78 2191 158 2252 haec
179 2181 329 2272 capiunt?
349 2192 445 2272 inque
467 2211 517 2252 eas
537 2201 657 2252 tantum
680 2191 884 2272 profunditur
903 2183 1022 2254 tautum
1043 2198 1209 2258 commisc-

78 2291 190 2354 ratior
232 2293 328 2352 Puer.
356 2291 395 2351 In
414 2293 535 2372 puellos
560 2291 670 2365 etiam,
713 2311 748 2350 uc
768 2293 862 2353 viros.
903 2291 976 2354 Non
1000 2293 1083 2354 enim
1103 2313 1212 2376 perso-

78 2411 194 2454 narum
216 2392 425 2472 acceptionem
446 2401 590 2470 oportere
612 2411 696 2464 esse,
728 2411 767 2451 ex
788 2391 882 2452 saeris
903 2391 992 2454 libris
1013 2394 1211 2472 audiverunt,

78 2514 159 2573 quos
184 2492 306 2575 egregie
334 2509 420 2552 curos
447 2489 596 2550 amiculos
622 2499 742 2552 vocant
804 2491 926 2554 Hanno.
959 2493 1047 2572 Quid
1072 2514 1144 2555 curn
1166 2498 1210 2556 eis

81 2593 203 2674 agunt?
245 2592 343 2652 Puer.
363 2591 475 2671 Agant,
496 2591 646 2670 quaeris?
675 2591 756 2669 quod
778 2591 996 2672 olim‘Jupiter
1016 2612 1085 2652 cum
1104 2595 1211 2677 Gany·
1252 2614 1257 2642 ¹

81 2694 182 2754 mede
197 2691 358 2766 catamito,
387 2709 480 2770 quem
502 2711 561 2771 per
581 2691 716 2772 equilum
738 2711 777 2751 ex
804 2684 941 2771 Trojade'
968 2695 1107 2774 rapuisse
1133 2695 1211 2756 dici-

81 2803 151 2868 tur,
172 2793 207 2852 id
228 2790 311 2872 quod
331 2792 486 2851 Junouem
508 2791 613 2851 offacit
634 2791 800 2853 admodum
824 2791 914 2852 male.
966 2795 1088 2869 Henna.
1114 2795 1212 2859 Intel-
1293 2816 1297 2820 ¹

76 2894 162 2975 ligo‘,
188 2889 386 2953 Florentinos
412 2889 520 2952 auditi
539 2891 661 2968 iacere3
688 2911 765 2951 num
789 2892 874 2954 ethi
893 2891 1006 2953 etiam?
1033 2895 1074 2954 ah
1093 2896 1209 2958 scelus!

80 2999 178 3056 Puer.
199 2991 272 3052 Non
293 2990 468 3050 Florentini
496 2991 598 3050 solum
626 2991 754 3052 obnoxii
783 2991 858 3052 huic
883 2993 1114 3069 scelestissimo,
1156 2995 1211 3056 sed

78 3091 259 3166 etiamilli,
282 3090 337 3170 qui
356 3091 484 3166 Rornae,
498 3089 600 3151 rubria
620 3090 777 3171 nigrisque
796 3091 930 3172 insignes
950 3093 1071 3175 galeris,
1093 3094 1209 3176 longis-

77 3195 158 3254 sima
173 3189 306 3252 trshunt
323 3199 473 3270 ommate:
493 3199 585 3270 atque
604 3185 680 3250 'adeo
703 3189 820 3266 audivi,
840 3185 1055 3274 frequentibus
1073 3193 1210 3254 haecinb

77 3303 130 3353 ter
147 3289 213 3350 se'se
234 3284 348 3370 jactura
367 3288 538 3364 conviviis,
560 3289 647 3369 quasi
667 3289 766 3349 scelus
786 3293 851 3351 non'
872 3292 932 3368 sit,
951 3291 1006 3352 se'd
1023 3293 1116 3352 ludus
1137 3295 1208 3371 qni·

76 3392 150 3454 dum
170 3389 334 3471 jocularis,
360 3402 393 3449 et
411 3395 570 3449 amoenus.
591 3389 677 3470 Quin
699 3389 791 3450 etism
812 3389 907 3470 ajunt,
929 3401 1041 3452 aestate
1058 3381 1208 3453 mulieres

75 3491 208 3565 foetere,
228 3480 285 3549 hos
305 3499 465 3551 verorum
487 3489 526 3549 ad
548 3487 727 3548 concubitus
753 3490 1029 3570 praestantissimos
1050 3509 1131 3552 esse:
1160 3503 1208 3554 at-

76 3609 144 3672 que·
158 3590 208 3650 his
229 3589 321 3650 etiarn
341 3589 459 3650 artibus
480 3589 649 3671 pueros-in
675 3589 844 3670 Episcopos
870 3589 1111 3672 cardinalesque
1133 3608 1209 3672 pro-

75 3690 153 3750 vehi
160 3731 170 3765 ,
195 3689 340 3749 eeclesiae
362 3689 537 3764 columnas,
555 3707 599 3749 ex
619 3689 729 3769 quibus
749 3698 854 3769 postea
871 3689 1002 3751 maximi
1033 3690 1208 3770 deligantur

74 3787 247 3870 pontifices.
287 3791 410 3852 Heuno.
431 3789 515 3851 Mira
535 3807 651 3865 narras,
672 3789 726 3848 sed
746 3788 827 3868 apud
847 3789 920 3850 illos
938 3789 1020 3850 forte
1043 3789 1120 3849 boec
1140 3809 1205 3850 sce·

73 3889 143 3949 lera
161 3907 227 3970 non
247 3899 338 3970 suut5
360 3889 430 3950 aliis
451 3890 549 3951 licent
567 3887 647 3960 alis,
675 3909 754 3970 quae
774 3886 843 3948 aliis
865 3889 1010 3964 minime,
1041 3889 1109 3948 loco
1138 3888 1207 3949 for-

73 4000 154 4048 tusse
173 4007 351 4068 peccemus:
372 3989 472 4070 veluti
493 3987 573 4070 opud
593 3986 665 4048 illos
685 4007 779 4070 grave
808 3989 1003 4050 sceluscsse
1018 3989 1126 4050 audivi
1155 3988 1204 4049 in-

73 4089 205 4163 ebrieri,
244 4088 398 4170 objicique
425 4089 486 4151 hoc
516 4107 575 4169 pro
600 4087 798 4153 vitiosissimo
820 4079 926 4174 nobis,
965 4107 1021 4150 nos
1043 4093 1151 4148 contra
1171 4089 1206 4148 in

70 4187 218 4248 laudibus
240 4187 391 4251 ducimus.
431 4187 477 4252 Ita
496 4189 523 4248 si
543 4187 619 4250 tales
640 4207 696 4271 ego
718 4187 752 4249 in
771 4203 852 4250 meo·
863 4175 1208 4272 pago-comprehende-

71 4305 159 4365 rem,
180 4289 249 4370 igni
267 4309 286 4350 e
306 4277 438 4373 vestigio
460 4287 688 4371 adjudicaretur
708 4307 773 4360 non
794 4307 898 4373 secus,
940 4307 1032 4372 quam
1053 4287 1109 4370 qui
1134 4305 1205 4350 enm

594 4365 600 4414 '
959 4383 1001 4452 31
