2872 4722
124 290 126 305 ¹
221 347 283 414 1⁵4
367 381 370 390 ‚
582 309 1005 410 urrsronsn'

196 489 301 588 ¹plius
331 503 431 587 primo
453 503 671 585 physicorum:
712 503 845 584 Oportet
872 525 912 564 ex
933 501 1160 566 universalibus
1178 501 1218 564 ad
1238 501 1344 586 singn-
1419 521 1420 574 l

218 605 296 666 laria
310 605 484 686 procedere.
524 604 564 662 Et
585 601 777 683 Porphyrius
798 601 890 663 etiam
911 601 1067 666 descendit
1087 625 1104 663 a
1121 603 1345 684 genere-gene

218 703 369 767 ralissimo
390 703 428 763 ad
446 700 578 782 speciem
599 700 859 780 specialissimam,
891 699 945 762 ubi
965 699 1050 781 jubet
1069 705 1157 764 Plato
1178 702 1343 786 quiescere.

197 779 201 797 ⁶
218 807 259 865 Et
276 825 296 863 a
315 801 505 883 dignioribus
527 799 616 860 debet
635 799 704 860 fieri
725 801 957 868 denominatio,
977 809 1013 860 ut
1033 801 1108 862 dicit
1127 801 1251 884 gentilis
1273 803 1344 862 Ma-

168 911 171 918 '
217 903 311 984 gister
329 900 364 960 in
384 898 518 960 secundo
539 898 579 958 de
597 898 708 958 anima.
758 899 845 962 Inter
865 919 970 960 omnes
985 899 1134 960 Doctores
1154 900 1345 980 Theologiac

218 1011 262 1062 est
281 1020 361 1059 unns
383 997 448 1070 hic,
472 995 527 1078 qui
549 1008 594 1056 est
615 995 815 1060 Praedicator.
833 999 1011 1072 nobiseum,
1046 1009 1077 1060 et
1098 997 1191 1060 hebet
1208 999 1343 1059 tubalem

218 1119 342 1166 vocem,
362 1097 436 1158 licet
455 1115 569 1175 parvus
588 1095 642 1172 sit;
682 1097 772 1156 illum
792 1098 927 1158 audiunt
942 1097 1081 1158 homines
1101 1098 1234 1166 libenter
1253 1117 1343 1177 prae-

217 1192 336 1271 dicare,
387 1207 418 1256 et
446 1204 552 1255 tenent
580 1193 698 1274 aliquid
720 1197 760 1256 du
786 1217 843 1271 eo,
880 1196 964 1277 quod
990 1217 1048 1278 per
1067 1198 1170 1256 Deum
1198 1197 1268 1276 ipse
1299 1205 1343 1256 est

218 1297 340 1367 doctus,
361 1302 392 1354 et
411 1277 517 1354 doctus
537 1292 571 1352 iu
592 1295 803 1373 superlativo,
824 1294 895 1354 dico
915 1296 1021 1369 robis,
1042 1295 1182 1356 etmulti
1202 1294 1342 1355 homines

216 1396 333 1456 intrant
352 1390 418 1472 ejus
439 1391 699 1473 praedicationes,
729 1393 803 1474 quia
821 1393 887 1475 ipse
908 1403 953 1454 est
969 1393 1156 1456 delectabilis
1176 1403 1207 1454 et
1226 1395 1340 1454 lecerat

215 1497 312 1555 bonos
331 1491 433 1552 boscos
454 1490 645 1552 in'ambone
662 1490 728 1551 sive
756 1491 908 1552 cancellis.
963 1493 1030 1574 Ego
1057 1492 1164 1556 audivi
1190 1494 1284 1557 semel
1302 1493 1339 1552 ab

218 1613 272 1667 eo,
294 1611 334 1652 ex
352 1589 440 1651 libris
462 1589 671 1650 Posteriorum
690 1589 729 1650 de
748 1589 945 1674 quaestione,
965 1592 1038 1674 quie
1061 1602 1121 1666 cst,
1142 1590 1218 1677 quid
1238 1601 1292 1666 est,
1311 1590 1339 1650 si

112 1681 114 1693 ¹
216 1703 280 1766 est,
301 1700 332 1752 et
349 1697 479 1771 propter
498 1690 662 1769 quodest,
700 1702 731 1748 et
755 1690 859 1749 omnia
881 1689 972 1752 scivit
996 1690 1031 1750 in
1051 1691 1208 1751 teutonico
1229 1691 1338 1750 dicere.

216 1793 378 1852 Praeterea
396 1788 490 1848 semel
512 1787 702 1869 praedicavit
723 1787 762 1848 de
786 1787 965 1869 virginitate
989 1798 1022 1850 et
1046 1789 1144 1863 dixit,
1173 1789 1257 1869 quod
1274 1788 1339 1850 vir*

214 1889 319 1972 gines,
339 1908 417 1968 quae
433 1887 602 1949 amiserunt
621 1907 708 1947 suam
729 1886 954 1968 virginitatem,
977 1888 1081 1950 ‚solent
1103 1885 1222 1962 dicere,
1256 1886 1339 1968 quod

214 1989 254 2051 sit
274 1987 318 2047 eis
335 2005 393 2067 per
411 1986 477 2048 vim
498 1986 625 2050 factum.
669 1989 760 2049 Tune
783 1986 851 2067 ipse
874 1987 971 2048 dixit:
1011 1989 1099 2048 Bene
1118 1985 1265 2048 ueneritis
1282 2006 1340 2066 per

214 2089 287 2154 vim.
327 2090 393 2168 Ege
414 2105 543 2168 quaero,
564 2085 589 2144 si
610 2105 690 2146 unus
709 2085 836 2146 haberet
854 2085 973 2146 nudum
993 2086 1176 2169 gladiumin
1195 2105 1259 2149 una
1272 2105 1340 2144 ma-

213 2211 276 2264 nu,
298 2197 329 2248 et
350 2185 492 2266 vaginam
515 2183 550 2243 in
569 2182 639 2259 alia,
659 2194 690 2245 et
709 2183 775 2265 ipse
789 2204 911 2264 sempor
931 2195 1069 2248 moveret
1086 2184 1236 2266 vaginam,
1257 2205 1339 2244 non-

213 2309 255 2348 ne
275 2295 320 2346 est
341 2284 385 2344 ita
406 2283 489 2365 quod
507 2282 574 2363 ipse
602 2303 666 2343 non
693 2295 795 2364 posset
813 2282 949 2363 gladium
970 2285 1053 2345 intra
1072 2283 1252 2346 stimulare?
1296 2283 1339 2342 sic

198 2387 306 2472 *priam
327 2395 372 2447 est
390 2382 425 2442 in
445 2382 625 2460 virginibus.
665 2383 829 2442 Praeterea
847 2383 943 2442 semel
963 2383 998 2443 in
1017 2403 1101 2446 novo
1120 2403 1216 2457 anno,
1238 2403 1338 2462 quan-

213 2487 253 2547 do
274 2482 443 2563 unicuique
462 2491 542 2542 statu
564 2479 649 2540 dedit
668 2501 784 2542 novum
807 2500 939 2555 annum,
974 2487 1053 2544 'tuuc
1082 2482 1167 2543 dedit
1184 2481 1337 2542 studenti-

213 2587 270 2646 bn's
288 2585 323 2644 in
343 2582 441 2642 tribus
461 2579 567 2640 Bursis
587 2579 684 2660 (quia
702 2579 846 2642 hiesum
866 2581 1008 2642 moderni
1027 2591 1057 2642 et
1082 2581 1231 2661 antiqui).
1265 2582 1338 2640 Mo-

213 2683 318 2745 dernis
337 2680 423 2742 dedit
445 2681 630 2752 Saturnum,
653 2678 742 2740 etita
762 2680 923 2761 exposuit:
961 2676 1118 2742 ¹Saturnus
1137 2689 1182 2740 est
1203 2679 1337 2760 frigidus

208 2783 353 2853 Plaude,
376 2789 406 2842 et
426 2777 481 2841 ille
501 2775 580 2843 bene
600 2775 746 2842 convenit
764 2779 939 2853 modernis,
961 2777 1035 2865 quia
1054 2779 1118 2870 ipsi
1137 2789 1209 2840 sunt
1229 2778 1334 2866 frigidi

212 2880 354 2951 artistae,
391 2874 548 2955 quianon
577 2886 701 2944 servant
728 2888 867 2944 sunctum
889 2877 1042 2944 thomam
1071 2889 1102 2940 et
1127 2873 1278 2958 Copulata'
1305 2887 1335 2936 et

211 2973 433 3056 Iteparationes
459 2972 627 3034 secundnm
655 2996 833 3057 processum
859 2977 970 3038 bursae
1001 2978 1114 3038 montis
1141 2976 1176 3038 in
1197 2977 1334 3037 Colonia.

187 3124 189 3134 ,
212 3075 275 3136 Sed
293 3071 462 3134 Themistis
492 3071 577 3133 dedit
595 3093 652 3154 pro
673 3095 756 3138 novo
776 3095 858 3136 anno
878 3095 977 3136 unum
996 3097 1146 3157 puerum,
1179 3075 1234 3156 qui
1263 3075 1335 3136 dor-

211 3172 302 3235 mivit
324 3169 407 3250 apud
427 3173 552 3244 lovem,
573 3181 604 3232 et
623 3184 750 3234 vocatur
771 3174 974 3254 Ganymedes.
1014 3176 1074 3235 Ille
1092 3174 1222 3257 quadrat
1241 3175 1336 3235 reali-

137 3307 143 3318 ·
210 3273 282 3346 stis,
303 3270 376 3350 qnia
396 3269 590 3350 Ganymedes
611 3272 757 3353 propinat
776 3272 846 3336 tovi
865 3266 991 3347 vinum,
1018 3283 1049 3334 et
1069 3273 1269 3348 cerevisiam,
1305 3281 1336 3332 et

211 3372 333 3433 dulcem
353 3377 462 3450 potum
481 3368 520 3428 de
538 3368 692 3445 luceritio,
713 3392 804 3451 quam
827 3372 986 3432 historiam
1007 3371 1217 3452 pulcherrime
1237 3373 1336 3432 inter-

210 3469 346 3554 pretavit
364 3466 571 3527 T01'renfinus
592 3467 626 3529 in
649 3468 751 3551 primo
772 3472 852 3535 libre
873 3472 1037 3533 Aeneidos.
1077 3467 1129 3532 sie
1156 3472 1247 3533 etiam
1266 3491 1336 3532 rea-

209 3571 256 3632 les
275 3565 446 3640 infundunt
466 3565 511 3651 eis
530 3576 610 3628 artes
629 3580 660 3629 et
678 3569 836 3642 scientias,
857 3581 889 3632 et
902 3571 1001 3632 multa
1018 3568 1175 3649 arguitur,
1203 3580 1234 3630 et
1251 3571 1336 3630 mul-

209 3679 242 3729 ta
262 3667 326 3727 alia
344 3647 553 3741 delectabilia,
593 3675 629 3728 ut
649 3685 729 3729 unus
747 3679 848 3750 posset
867 3668 989 3736 mirare.
1050 3671 1115 3752 Ego
1139 3671 1231 3732 oredo
1251 3669 1337 3750 quod

206 3751 304 3832 lacuit
324 3765 435 3826 multas
453 3774 567 3839 noctes,
589 3773 619 3825 et
640 3785 704 3829 non
723 3765 869 3829 dormivit
888 3767 1021 3849 quando,
1042 3768 1097 3832 illa
1115 3769 1159 3830 ita
1179 3770 1337 3831 subtiliter

210 3875 242 3926 et
258 3862 469 3946 pulcherrime
487 3863 666 3944 specularii,
729 3865 791 3926 Sed
811 3877 884 3928 sunt
903 3867 1009 3944 multi,
1030 3869 1085 3949 qui
1104 3869 1229 3942 dicunt,
1251 3867 1336 3947 qued

130 4000 133 4009 =
176 3969 178 3979 ’
208 3964 249 4026 sit
268 3963 430 4036 fmseeria,
463 3964 544 4042 quod
568 3963 635 4044 ipse
653 3964 829 4046 praedicat„
864 3975 897 4028 et
914 3978 1026 4029 vocant
1044 3989 1116 4050 sum
1131 3967 1335 4046 Qnaoulator,

209 4073 242 4123 et
261 4063 392 4126 loannes
414 4080 484 4122 cunr
506 4062 660 4127 destructo
680 4064 798 4146 capite,
828 4075 859 4126 et
878 4086 954 4130 unca
973 4076 1079 4148 caput,
1107 4067 1218 4128 exilia
1236 4061 1336 4126 ratiu-

56 4145 58 4154 ¹
154 4234 156 4239 ,
208 4181 266 4234 ne,
287 4159 360 4242 quia
379 4159 446 4240 ipse
465 4159 549 4221 stetit
566 4163 661 4224 semel
681 4163 761 4224 male
780 4166 814 4226 iu
834 4165 1047 4246 disputatione,
1067 4177 1142 4228 tunc
1163 4165 1335 4246 expedive-

209 4269 284 4322 rnnt
306 4277 378 4318 euru
404 4257 447 4358 ita
476 4259 619 4336 realiter,
659 4261 738 4324 siout
758 4285 839 4326 unus
861 4264 895 4326 in
920 4276 1042 4328 centum
1063 4267 1152 4326 annis
1172 4263 1334 4346 expeditus
