2872 4722
218 342 279 408 116
583 341 978 404 ErlsTOLA'E
1051 397 1054 401 .

217 497 363 562 Ecclesia.
425 501 533 560 Sancto
559 496 680 560 Meris!
720 519 776 560 vos
796 497 881 558 'socii
906 498 1002 560 vultis
1028 497 1161 560 mnItnm
1188 497 1278 579 loqui
1305 499 1344 559 dc

138 608 142 616 ‘
217 597 408 680 Theologic,
436 607 467 659 et
487 615 553 656 non.
572 596 664 656 scitis.
725 589 808 676 Quis
829 599 921 659 etism
941 597 1096 658 Reucblin
1117 597 1258 678 ignoret,
1289 601 1345 658 ubi

219 700 367 781 scriptum
387 706 462 770 cst,
478 695 562 776 quod
580 694 730 757 Thalmut
750 707 795 758 est
814 697 996 778 prohibitus.
1057 699 1149 757 Tunc
1169 697 1223 757 ille
1243 699 1344 758 socius

219 797 386 878 quaesivit,
419 795 475 856 ubi
500 803 544 854 est
564 793 734 874 scriptum?
766 797 815 857 'Et
834 793 915 857 dixit
933 795 1080 876 Magister
1099 805 1204 856 noster
1222 797 1343 868 Petrus,

219 896 302 979 quod
321 895 436 976 legitur
454 893 489 954 in
508 893 668 954 Fortslitio
686 892 768 954 fidei.
815 895 986 976 Respondit
1004 895 1061 955 ille
1080 895 1231 969 nufntor,
1260 895 1343 975 quod

217 995 413 1058 Fortnlitinm
432 992 505 1058 fidei
529 1001 575 1052 est
601 991 761 1054 merdosus
787 994 885 1070 liber,
924 1005 956 1057 ct
984 1015 1049 1056 non
1076 995 1173 1068 valet,
1209 1004 1240 1056 ct
1260 995 1343 1074 qnod

216 1115 309 1186 nemo
328 1093 439 1173 alleget
458 1092 552 1152 istum
571 1090 687 1152 librum
698 1134 708 1168 ,
728 1094 790 1154 nisi
810 1094 920 1155 stultns
941 1103 973 1154 et
992 1093 1105 1154 fotuns.
1153 1093 1193 1154 Et
1216 1113 1272 1175 ego
1292 1093 1343 1154 fui

216 1179 398 1276 pertcrritns
408 1232 417 1265 ,
441 1191 625 1272 qnievslde
646 1191 748 1252 iratus¹
763 1193 826 1254 fnit
844 1191 991 1272 Magister
1010 1189 1115 1252 noster
1134 1192 1263 1266 Petrus,
1298 1191 1342 1251 ito

217 1293 300 1374 qnod
326 1299 521 1351 tremuerunt
549 1288 579 1348 ei
608 1309 733 1368 msnur3
769 1300 800 1351 et
826 1311 882 1372 ego
907 1291 1016 1366 timui,
1049 1290 1132 1370 quod
1153 1301 1280 1351 noceret
1302 1291 1341 1364 ci,

147 1411 159 1420 ”
216 1401 248 1453 et
268 1389 336 1452 dixi
357 1389 404 1448 ei:
445 1388 581 1450 Domine
605 1389 736 1462 eximie,
765 1398 860 1451 estote
875 1390 1014 1472 'patiens,
1044 1388 1134 1468 quia„
1148 1389 1202 1469 qui
1221 1389 1341 1468 petiens

216 1501 278 1566 est,
319 1489 417 1549 multe
442 1488 631 1568 gubernetur
655 1486 812 1568 sapientis.
873 1488 1021 1548 Proverb.
1042 1485 1128 1546 XIII.
1155 1487 1341 1548 Permittetis

215 1591 325 1664 istum,
346 1585 430 1667 quod
449 1586 573 1666 peribit,
592 1585 785 1666 sicutpulvis
805 1585 917 1646 efscie
936 1586 1032 1646 venti.
1073 1587 1143 1665 Ipse
1163 1585 1239 1646 dicit
1258 1587 1341 1646 mul-

215 1697 263 1764 ts,
299 1695 330 1748 et
357 1697 461 1769 tamen
490 1684 662 1745 nihilscit.
721 1685 762 1744 Et
791 1685 870 1745 sicut
895 1684 1040 1747 scribitur
1060 1685 1095 1744 in
1114 1683 1339 1745 Ecclesiastico:

217 1788 334 1850 Stultus
349 1786 444 1848 verbe
463 1782 647 1865 multiplicet
653 1826 663 1858 ‚
682 1782 727 1843 ite
739 1780 806 1863 ipse
826 1782 917 1842 etism
937 1783 1019 1844 fecit.
1060 1784 1151 1844 Tunc
1164 1783 1240 1863 ipse,
1259 1783 1341 1864 prob

144 1959 149 1970 ·
216 1888 325 1961 dolor,
345 1883 462 1965 incepit
479 1883 577 1942 multe
595 1881 699 1942 dicere
719 1882 758 1942 de
778 1880 898 1941 Ordine
919 1881 1185 1954 Praedicatornm',
1208 1901 1341 1961 quomo»

215 1987 256 2047 do
276 1985 328 2045 isti
347 1983 437 2065 probi
456 1980 565 2042 fratres
584 1981 726 2041 fecerunt
747 2001 840 2040 unam
855 1981 1025 2061 nequitiem
1048 1979 1083 2041 in
1104 1982 1221 2053 Beroe,
1257 1980 1339 2070 qood

216 2104 273 2164 ego
292 2103 356 2143 non
376 2082 469 2149 credo
490 2101 547 2161 per
567 2081 663 2142 vitem
685 2099 784 2140 meam
795 2121 805 2154 ,
840 2074 871 2140 et
890 2079 1044 2160 quomodo
1066 2079 1194 2141 fuerunt
1213 2080 1340 2159 combu-

215 2183 272 2256 sti,
302 2191 333 2241 et
360 2200 423 2260 quo
452 2181 513 2262 ipsi
540 2181 636 2240 semel
663 2180 878 2260 imposuerunt
907 2199 1063 2239 venenum
1088 2177 1122 2238 in
1143 2179 1339 2239 Sacramento

215 2279 444 2352 Eucharistiae,
488 2280 583 2339 etsie
603 2279 943 2340 interfeceruntunum
963 2276 1201 2356 Imperatorem
1240 2286 1271 2336 et
1290 2275 1339 2335 di÷

215 2379 281 2454 xit,
302 2377 383 2460 quod
404 2388 525 2460 oportet
545 2377 638 2440 istum
659 2378 800 2437 ordinem
820 2374 933 2450 delere,
955 2376 1029 2435 elias
1049 2375 1124 2436 fient
1142 2375 1340 2446 multescsn-

216 2479 286 2540 dola
306 2479 342 2536 in
362 2476 440 2552 fide,
483 2475 556 2558 quis
580 2475 682 2538 omnis
708 2473 826 2536 melitio
853 2482 898 2533 est
924 2473 959 2534 in
987 2473 1043 2534 illo
1063 2475 1187 2535 ordine:
1225 2485 1257 2536 et
1277 2475 1340 2534 clia

216 2578 313 2637 multa
333 2576 422 2637 dixit.
484 2577 566 2654 Ergo
589 2576 704 2636 debetis
722 2583 827 2654 ¹spertc
846 2573 939 2656 scire,
966 2573 1049 2652 quod
1070 2575 1183 2634 vellem
1204 2574 1339 2634 libenter

196 2675 319 2759 ¹redire
340 2675 379 2734 ad
399 2674 576 2745 Coloniam,
605 2674 677 2754 quia
696 2673 771 2753 quid
790 2672 886 2730 debeo
905 2669 1005 2732 fecere
1021 2692 1090 2732 cnm
1112 2673 1220 2732 talibus
1240 2673 1339 2733 mnle-

216 2773 305 2834 dictio
324 2771 524 2832 hominibusi
565 2771 678 2832 Veniet
698 2791 779 2830 mors
798 2791 893 2850 super
914 2769 999 2844 illos,
1040 2781 1070 2830 et
1095 2771 1280 2836 descendent
1299 2771 1338 2830 ad

215 2871 375 2931 infernum
392 2871 548 2945 viventes,
588 2879 623 2930 ut
650 2870 752 2949 inquit
780 2868 955 2943 Psalmists,
985 2867 1057 2949 quia
1082 2878 1154 2929 sunt
1180 2869 1240 2929 filii
1259 2870 1339 2930 Dio-

214 2969 289 3030 boli.
344 2969 379 3028 Si
399 2967 523 3029 videtur
534 2967 636 3042 vobis,
669 2977 744 3028 tunc
766 2967 852 3048 prius
875 2968 947 3028 volo
967 2968 1112 3047 accipere,
1127 2967 1273 3048 gradum:
1310 2968 1336 3026 ei

214 3083 297 3140 non,
317 3075 391 3126 tunc
410 3053 483 3127 volo
502 3066 587 3126 abire
600 3066 709 3150 statim.
772 3067 853 3145 Ergo
874 3065 989 3126 debetis
1011 3062 1102 3126 ‘mihi
1122 3067 1183 3132 cito
1202 3067 1337 3128 scribere

140 3187 141 3191 ¹
214 3175 349 3227 mentem
369 3176 519 3239 vestram,
540 3166 709 3225 secundnm
728 3165 815 3225 illam
837 3165 910 3225 volo
932 3183 981 3224 me
1000 3185 1117 3245 regere,
1138 3174 1170 3226 et
1190 3185 1260 3226 cum
1276 3164 1338 3226 hoc

213 3264 395 3334 commendo
413 3284 469 3324 vos
489 3263 625 3325 Domino
638 3265 714 3324 Deo.
754 3264 872 3324 Velete.
933 3263 983 3323 Ex
1002 3261 1171 3343 Mogontia.

213 3431 345 3492 Ioannes
361 3433 396 3492 V
391 3429 575 3507 ickelphins,
590 3397 721 3488 kdmilis
741 3449 846 3486 sacrae
865 3427 1044 3508 Ibeologiae
1057 3427 1238 3507 Professor,
1252 3427 1337 3487 xD.

376 3531 424 3590 M.
445 3529 579 3590 Ortnino
606 3529 735 3598 Grotio,
768 3529 884 3586 Poetae
907 3537 936 3584 et
954 3526 1100 3606 Ibeologo
1115 3539 1170 3586 etc.

224 3648 227 3652 ’
296 3664 452 3742 Quoniam
473 3660 598 3740 quidem
627 3662 702 3723 olim
731 3659 833 3721 fuistis
852 3659 1020 3746 discipulus
1046 3683 1132 3722 meus
1151 3660 1185 3720 in
1205 3661 1338 3720 Deven-

196 3763 287 3846 trie,
327 3771 357 3822 et
377 3782 433 3842 ego
455 3759 557 3821 emavi
578 3773 637 3840 pro
659 3771 734 3820 tnnc
756 3778 811 3820 vos
831 3770 902 3817 ente
922 3778 1027 3820 omnes
1048 3760 1222 3833 Schclsres,
1260 3758 1338 3838 quis

211 3859 360 3942 blsbuistib
378 3851 494 3920 bonurn
515 3858 695 3939 ingenium,
730 3870 760 3917 et
779 3856 880 3917 fuistis
901 3858 991 3918 valde
1012 3858 1222 3939 disciplinatus
1242 3855 1339 3936 juve·-

212 3960 293 4022 niss·
322 3967 510 4040 quopropter
528 3978 612 4017 nnnc
632 3959 722 4017 etism
742 3956 814 4018 volo
835 3955 922 4017 vobis
949 3956 1023 4016 dore
1047 3956 1226 4026 consilium,
1260 3955 1338 4014 ubi-

212 4061 338 4142 cunqne
352 4077 485 4138 possum.
548 4056 610 4116 sed
629 4077 683 4116 vos
704 4054 818 4116 debetis
838 4055 929 4113 etiarn
954 4055 1036 4114 bono
1057 4056 1161 4115 animo
1182 4051 1337 4131 accipere,

212 4157 285 4238 quie
304 4159 388 4216 Dens
411 4165 456 4215 est
475 4164 627 4215 scrutator
645 4155 799 4228 cordium,
824 4162 854 4213 et
873 4152 944 4227 scit,
966 4155 1049 4238 quod
1072 4173 1128 4236 ego
1148 4153 1259 4231 loquor
1275 4171 1338 4210 vo-

212 4255 257 4314 bis
278 4274 322 4314 cx
338 4252 504 4312 dilectione
510 4294 521 4327 ,
541 4264 573 4315 et
590 4273 649 4335 pro
669 4254 766 4314 seluto
787 4251 908 4333 enimse
927 4263 1054 4314 vostrae.
1116 4253 1255 4312 Fuerunt
1276 4247 1335 4307 hic
