2866 4724
203 321 269 392 362
546 315 990 390 DlALOGI'VH.

201 481 292 544 nium
312 477 545 556 comminiscor,
579 477 663 562 qnod
683 479 742 544 hae
760 489 852 542 nome
870 477 947 542 vidi.
987 482 1025 542 F.
1044 481 1139 563 Papa,
1155 479 1336 546 somnium?

202 585 235 644 C·
255 583 341 656 Imo,
360 599 418 642 neo
439 577 579 642 oblivisci
595 601 717 661 possem
737 578 895 642 insomnii.
917 583 956 642 F
984 582 1090 642 Deum
1110 581 1337 644 immortalem!

201 682 277 763 quid
298 680 358 742 hoc
378 679 531 761 portenti,
550 687 586 738 nt
601 679 685 740 ultra
705 681 897 742 somniorum
915 681 1016 762 legem
1036 680 1129 742 etiam
1145 683 1182 744 in
1201 683 1339 764 vigilan-

199 785 280 846 tium
294 779 392 840 oculis
412 779 616 840 obversetur?
660 779 696 840 G.
725 778 827 860 Atque
847 780 891 842 ita
911 781 1005 862 plane
1027 780 1163 842 evidem.
1213 786 1254 843 F.
1287 784 1338 842 En

199 883 294 943 melle
314 877 425 939 oblitos
446 878 552 938 oeulos
571 887 602 938 et
623 878 794 959 palpebras,
814 899 940 942 rursum
954 879 989 940 iu
1010 901 1152 943 somnum
1172 881 1333 942 co'e'nntas:

198 982 255 1045 sed
275 991 307 1039 et
326 986 509 1038 trementem
529 996 638 1037 vocem
661 977 771 1053 audio,
812 999 871 1039 een
890 991 1045 1061 spectrum
1065 981 1192 1062 aliquod
1208 981 1338 1044 videris.

199 1085 231 1144 0.
264 1081 397 1141 Revera.
437 1075 474 1137 F.
504 1075 606 1153 Quale
626 1075 759 1154 quaeso?
800 1080 833 1138 0.
853 1081 1064 1140 Maximilinni
1084 1082 1221 1163 genium.
1295 1084 1337 1142 F.

197 1183 298 1260 Pape,
321 1175 405 1258 quod
423 1175 497 1238 hoc
503 1176 551 1234 rei
572 1175 639 1234 est'l
685 1176 769 1237 Vide
795 1197 837 1238 ne
862 1177 900 1240 iu
924 1179 1027 1260 palem
1046 1179 1079 1240 id
1101 1189 1173 1244 ante
1193 1181 1338 1242 triduum

198 1281 308 1342 efferas
320 1277 471 1358 petimus,
491 1248 741 1355 quandoquidem
763 1275 813 1336 id
820 1277 895 1338 muli
915 1277 1027 1340 ominis
1047 1288 1112 1340 esse
1131 1289 1336 1361 augurantur

198 1384 231 1444 C.
264 1379 476 1460 Nequaquam.
539 1375 660 1436 Vernus
698 1395 882 1437 evanescens
917 1379 950 1440 iu
984 1399 1107 1454 auram,
1147 1383 1337 1442 umbrorum

197 1500 287 1542 more
306 1479 341 1540 in
363 1497 470 1538 aurem
493 1474 652 1548 susurriit,
680 1473 798 1556 nequid
817 1467 939 1538 turbato
962 1499 997 1540 ao
1018 1479 1134 1560 pusillo
1154 1481 1262 1540 animo
1282 1481 1332 1540 so-

194 1601 279 1655 rem,
301 1599 337 1639 ac
354 1576 482 1638 monitis
500 1594 693 1657 praeponere
716 1576 954 1676 acquiescerem.
995 1582 1034 1640 F.
1053 1579 1138 1640 Num
1165 1580 1205 1640 ad
1227 1601 1262 1642 se
1282 1601 1336 1641 ae-

196 1678 323 1742 censivit
350 1689 386 1738 ut
412 1665 487 1734 olim
514 1669 651 1736 Aeneam
678 1671 865 1736 Anchises
854 1696 890 1736 ιιι
917 1697 1058 1760 eampum
1079 1679 1248 1758 Elysium?
1302 1684 1335 1742 0.

194 1780 283 1872 Adeo
309 1797 350 1846 ex
369 1795 469 1880 aequo
493 1774 579 1834 illius
598 1773 822 1856 prosectionem
842 1775 957 1837 metior
981 1798 1017 1837 ae
1037 1797 1142 1851 meum
1162 1781 1334 1864 pomulam,

195 1889 231 1942 ut
252 1865 397 1950 nesciam,
391 1861 572 1936 electurus
592 1894 632 1932 ne
644 1876 703 1933 tim
715 1874 800 1934 illius
814 1863 1035 1953 narrationem,
1055 1879 1115 1939 vel'
1121 1879 1225 1970 potius
1239 1901 1333 1961 prae-

194 1971 335 2046 elerum
330 1983 366 2038 se
386 1972 553 2056 jucundam
580 1974 761 2034 memoriam
791 1973 887 2058 mei
876 1977 1035 2038 1nsomuii.
1092 1979 1130 2040 F.
1171 1978 1334 2040 Pervelim

194 2067 314 2150 audire.
361 2078 392 2137 0.
417 2073 524 2173 Gestiu
550 2059 696 2146 uar,rare
727 2050 890 2162 postquam
916 2077 1048 2138 rediero.
1111 2081 1151 2140 F.
1184 2079 1335 2141 Proficis-

194 2162 273 2241 ceris
293 2175 412 2259 igitur?
477 2175 757 2238 attudeorum
780 2183 833 2234 est.
874 2172 1035 2266 Siquidem
1057 2177 1127 2238 Diis
1146 2173 1331 2294 parendum.

193 2283 232 2343 F.
268 2280 426 2358 Quorsum
455 2273 531 2349 hoe,
573 2263 851 2334 amantissime?
849 2273 1066 2337 Instructis'
1055 2298 1118 2358 Jam
1146 2277 1247 2360 copiii
1271 2279 1332 2338 mi·
1423 2321 1424 2342 ι

191 2365 357 2464 grandnm
371 2375 522 2444 inisset
512 2361 551 2435 ιιι
577 2371 768 2435 Germanias.
830 2373 954 2436 Deinde
974 2375 1145 2457 Imperium
1163 2379 1330 2442 vindican-

192 2482 287 2576 dum3
307 2465 515 2561 perindeuda
522 2457 633 2549 Italia,
660 2484 752 2557 atque
771 2473 889 2534 ilsideni
907 2477 1133 2558 expugnandur
1151 2479 1278 2555 Turca,
1299 2493 1329 2540 et

190 2583 284 2668 turba
303 2573 358 2639 illa
380 2563 515 2636 Simonis
535 2568 620 2656 Mag
591 2593 629 2634 ο.ι
669 2573 879 2642 inditionem
908 2575 1082 2637 revocanda
1103 2577 1330 2646 Mediolanum.

192 2658 281 2768 Quid
299 2659 388 2739 hoc
377 2698 466 2766 qam
460 2673 495 2736 iu
520 2673 656 2737 mentem
675 2673 805 2736 venit?
827 2677 861 2734 C.-
884 2676 986 2766 Atque
1016 2675 1055 2736 ob
1083 2673 1144 2738 hoc
1173 2679 1328 2757 maxime,

191 2801 254 2866 quo
274 2777 351 2860 quid
370 2775 521 2889 agendum
542 2777 597 2850 sit,
618 2772 770 2855 experiar.
811 2757 954 2845 Deinde,
978 2795 1039 2855 quo
1061 2776 1175 2838 omine.
1202 2779 1329 2840 Postre-

190 2900 259 2954 mo,
289 2885 439 2959 quantum
445 2855 550 2936 nobis
570 2869 775 2956 astipulentur
791 2873 867 2934 fata.
914 2873 952 2934 F.
980 2868 1178 2938 Suffeoerint
1198 2861 1240 2939 ad
1267 2881 1327 2942 hoc

189 3001 249 3059 neg
234 2977 308 3037 sotii
336 2974 533 3036 Genethliaci
558 2987 589 3034 et
608 2973 802 3056 Philosophi,
828 2971 968 3054 deniqne
983 2984 1013 3036 et
1034 2955 1133 3037 aulici
1147 2979 1251 3040 nostri
1271 3003 1327 3063 pe-

189 3088 291 3153 nates,
312 3087 343 3138 et
362 3074 601 3142 Gar'olocolaces.
656 3077 699 3137 C
732 3074 792 3136 etit
817 3093 925 3134 meror
945 3071 1005 3134 hoc
1025 3073 1189 3136 homiuum
1210 3099 1326 3158 genus,

189 3179 306 3262 quippe
326 3173 410 3258 qnod
432 3169 471 3234 ob
491 3175 654 3235 blanditias
665 3218 674 3251 ,
717 3187 748 3234 et
767 3173 907 3236 favorem
927 3195 1039 3254 parum
1060 3175 1147 3256 frugi
1167 3181 1328 3257 consulat;

104 3263 105 3268 ι
187 3282 337 3362 pleraque
352 3276 444 3336 etiunt
451 3265 670 3336 euentum·
659 3293 695 3334 ιιι
709 3275 868 3349 saionem,
885 3292 950 3354 quo
964 3271 1053 3354 stipis
1070 3269 1190 3355 aliquid
1209 3278 1327 3359 adipis-

188 3389 268 3440 eant.
329 3375 367 3438 F.
393 3373 630 3438 Advocandus
620 3373 717 3456 igitur
736 3374 872 3436 Tiresias
891 3372 1018 3454 aliquis,
1069 3375 1122 3436 vel
1141 3377 1322 3452 Zoroaster,

187 3491 243 3541 rut
263 3487 346 3538 certe
365 3467 581 3558 Mercurius
554 3495 584 3532 er
604 3495 717 3554 operae
733 3475 909 3562 specialiter
915 3471 1051 3534 deditus.
1092 3475 1124 3534 0.
1136 3446 1255 3556 Aeque
1266 3475 1324 3538 ho·

186 3599 259 3643 rum
281 3577 491 3656 tabulamenta
512 3571 722 3656 magnifacio,
743 3583 850 3654 utpote
856 3570 1075 3634 Christianus.
1116 3570 1154 3670 F.
1176 3577 1277 3653 Quo'
1267 3578 1326 3656 sgi-

186 3689 241 3740 tur
267 3667 401 3738 duetore
407 3667 648 3756 proficisceris?
669 3673 810 3756 Numine
828 3673 933 3753 aliquo
954 3676 1000 3734 est
1019 3693 1106 3753 opus.
1149 3675 1183 3736 C.
1223 3678 1326 3756 Atque

104 3786 107 3800 ‘
185 3777 248 3840 hoe
279 3775 406 3858 quidem
427 3775 630 3856 inpromptu
650 3783 714 3852 est',
735 3769 947 3835 maximiliani
965 3772 1095 3834 Genius.
1135 3773 1165 3834 Is
1185 3793 1323 3854 spopon-

186 3877 250 3951 ιιι,
270 3888 362 3938 noete
374 3874 447 3955 :itae
461 3875 644 3956 ιἰιιιιιιιιιιι
662 3895 696 3938 ιο
713 3874 914 3940 seuam
944 3873 1117 3942 ututur
1134 3873 1271 3953 toperi,
1283 3884 1323 3934 ιιι

184 3979 268 4040 bono
278 4017 288 4049 ,
310 3975 456 4056 felicique
475 3975 607 4048 iu'nerel
633 3977 687 4043 ιθ,
701 3976 756 4038 'Pu
777 3973 920 4056 iuterim,
962 3972 1067 4050 siquid
1085 3973 1203 4054 negotii
1220 3973 1324 4038 elisee

185 4077 270 4140 narie
288 4073 435 4156 expedito
441 4115 460 4149 „
475 4073 622 4140 *aunum
645 4076 860 4164 precariarum
884 4075 1044 4156 ingentem
1067 4093 1222 4162 aarum
1243 4093 1322 4134 ωι-

185 4173 301 4250 ducito,
323 4189 394 4253 'quo
412 4182 525 4234 aestate
540 4174 651 4256 futura
672 4175 707 4237 in
725 4173 927 4239 Germaniam
945 4174 1115 4236 solvamus.
1173 4171 1320 4253 Sedjam

184 4283 306 4353 tempus
326 4271 426 4346 subit,
445 4293 508 4352 quo
527 4273 650 4336 radam.
689 4277 755 4355 Epo
772 4277 807 4341 in
820 4273 1040 4340 conclavium
1059 4273 1213 4358 proripio.
1258 4273 1321 4334 Ge·
1415 4267 1416 4297 ι
