2872 4722
397 323 663 391 oosenn.
704 279 950 428 νιιιόιῆ.1
1159 330 1220 396 tas

90 491 178 552 lieres
193 482 281 548 male
300 486 473 569 pudorosae
492 485 600 547 vident
621 493 719 546 unum
742 485 909 566 pulchrum
929 484 1044 574 virum,
1067 486 1146 548 sicut
1164 509 1219 550 voa
1305 499 1308 510 '

91 590 176 662 estis,
205 587 357 650 videlicet
377 583 432 666 qui
452 585 544 646 habet
572 585 671 666 giluos
703 585 820 662 crines,
854 586 1013 647 brunellos
1042 588 1148 647 oculos
1168 591 1219 648 vel

91 706 215 768 granos,
249 707 285 745 oa
298 668 300 676 Α
313 685 460 766 rubeum,
496 704 641 765 magnum
653 700 780 759 nasum,
815 694 848 746 et
867 696 913 744 est
931 685 1011 746 bene
1032 695 1220 765 corporatus,

91 797 163 848 tunc
182 784 299 846 volunt
319 802 391 845 eum
412 785 534 848 habere.
607 784 669 844 Sed
690 783 812 864 quando
833 783 888 844 ille
908 793 954 846 est
973 784 1053 846 bena
1074 795 1220 866 moratus,

92 883 345 964 qualificatusque
364 883 398 943 in
418 894 532 958 mente,
553 884 633 948 sicut
652 902 724 957 ros,
747 892 778 943 et
792 903 856 942 non
878 891 964 944 curat
985 882 1122 964 ipserum
1142 887 1223 949 levi-

92 975 219 1044 tates'et
240 983 393 1057 fallacias,
436 994 510 1043 tune
530 982 657 1064 fugiunt
679 981 717 1040 ad
738 993 817 1042 artes
837 982 990 1064 Magieae,
1026 993 1057 1042 et
1076 984 1110 1044 in
1131 995 1222 1048 nocte

91 1083 197 1142 sedent
215 1102 312 1164 super
330 1103 425 1142 unam
445 1083 585 1156 scobem,
618 1079 789 1160 equitantes
817 1101 910 1164 super
930 1082 1019 1142 istem
1040 1085 1160 1155 scobem
1184 1085 1222 1146 ad

89 1180 259 1262 pulchrum
280 1180 375 1242 iatu'm
397 1181 516 1256 virum,
540 1200 630 1262 quem
654 1190 772 1254 amant,
793 1180 940 1242 iacientes
962 1182 1119 1262 negotium
1131 1205 1222 1248 suum

90 1301 160 1340 cum
183 1299 242 1354 eo„
266 1281 389 1360 quando
411 1280 535 1355 dormit,
557 1290 588 1342 et
607 1267 689 1338 nibil
707 1278 799 1338 sentit
820 1278 882 1339 nisi
902 1281 1070 1344 somnium»
1091 1283 1223 1364 Aliquae

88 1365 171 1440 fiunt
192 1388 290 1439 eattae
308 1381 361 1440 vel
380 1398 469 1452 aves,
511 1388 542 1438 et
564 1390 679 1460 sugunt
696 1377 876 1460 sanguinem
895 1378 960 1458 ejus
983 1401 1040 1460 per
1060 1383 1222 1462 mamillas,

88 1491 119 1538 et
145 1479 272 1552 faciunt
297 1498 388 1538 suum
416 1477 550 1538 amicum
579 1477 744 1556 aliqnando
772 1477 816 1536 sic
841 1477 1018 1552 infirmum,
1055 1481 1138 1560 quod
1166 1483 1223 1544 vix

88 1579 175 1639 valet
196 1598 267 1636 cem
286 1577 395 1637 baculo
419 1577 585 1636 ambulare.-
646 1577 712 1656 Ego
727 1577 937 1659 credo,quod
960 1577 1099 1639 diabolus
1119 1580 1224 1643 docuit

67 1677 172 1756 ‚ipsae
201 1677 289 1735 illam
316 1687 429 1736 artem:
471 1696 583 1737 verum
614 1676 790 1749 enimvero,
834 1676 878 1735 sic
896 1677 1052 1742 ,debemus
1071 1680 1146 1760 ipsis
1169 1683 1224 1742 ob-

87 1775 201 1847 viare,
223 1774 300 1834 sicut
319 1775 378 1856 legi
396 1775 431 1834 in
451 1773 597 1834 liberaris
617 1775 837 1856 Magistrqrum
857 1775 892 1835 in
912 1777 1089 1852 Rostochie‚
1111 1778 1145 1839 in
1168 1803 1225 1842 an-

87 1871 271 1952 tiquissimo
290 1873 368 1934 libro
391 1882 422 1934 et
442 1883 549 1954 postea
569 1874 715 1954 probavi,
739 1883 779 1934 'et
798 1882 842 1935 est
861 1894 980 1936 verum.
1042 1877 1081 1936 In
1102 1879 1152 1937 die
1168 1880 1225 1940 do-

86 1971 213 2032 minico
234 1953 376 2032 debemus
395 1990 518 2032 sumere
538 1972 584 2031 sal
606 1974 817 2048 benedictum,
844 1980 967 2037 etcum
988 1997 1024 2036 eo
1044 1997 1138 2059 super
1161 1979 1226 2040 lin-¹

87 2092 184 2152 guam
205 2071 424 2158 faeerelunam
447 2090 587 2146 crucem,
618 2083 649 2133 et
670 2073 830 2132 comedere
856 2093 896 2132 ex
919 2076 1062 2136 mandato
1083 2077 1224 2157 Scriptu-
1296 2151 1298 2158 Α

87 2191 160 2231 rae:
204 2171 297 2245 „Vos
318 2170 389 2230 estis
410 2170 454 2229 sal
474 2175 622 2244 terrae,“
664 2170 698 2231 id
720 2181 779 2246 est,
801 2171 971 2246 comeditis,
994 2184 1100 2254 postea
1121 2176 1224 2236 facere

87 2289 185 2329 unam
208 2289 335 2329 crucem
355 2269 389 2328 in
410 2269 515 2328 dorso:
558 2269 702 2330 similiter
721 2287 838 2349 ponere
867 2269 902 2327 in
928 2279 1091 2352 utramque
1117 2294 1223 2332 aurem

86 2389 215 2449 semper
235 2389 308 2428 cum
331 2389 430 2441 cruce,
452 2368 599 2442 cavendo,
620 2388 661 2426 ne
684 2367 771 2426 cadet
792 2366 913 2426 exinde.
954 2370 999 2426 Ac
1018 2380 1122 2448 postea
1141 2383 1224 2430 orate

86 2468 182 2528 talem
209 2468 380 2527 orationem
402 2468 561 2536 devotam:
603 2455 740 2525 Domina
760 2466 831 2524 Iesu
853 2464 991 2539 Christe,
1022 2475 1052 2526 et
1072 2488 1127 2528 vos
1148 2490 1225 2550 qua-

85 2578 158 2628 tuor
182 2566 415 2648 Evangelistae,
438 2567 588 2644 custodite
608 2585 658 2624 me
679 2586 697 2623 a
713 2563 801 2622 malis
822 2563 1050 2640 meretricibus,
1071 2573 1102 2626 et
1114 2569 1184 2626 ab
1175 2590 1224 2648 ιρ-

84 2667 123 2725 sis
157 2665 434 2739 incantatricibus,
477 2685 518 2725 ne
548 2654 731 2748 exsugant
726 2682 829 2736 meum
858 2681 1017 2732 eruorem,
1054 2678 1084 2724 et
1110 2667 1224 2726 faciant

84 2784 220 2844 gravem
244 2764 414 2833 dolorem
404 2784 439 2824 rn
461 2763 538 2823 meis
558 2739 751 2828 mammillii.
777 2781 910 2842 quaeso,
927 2763 1058 2824 resistite
1073 2765 1146 2839 illis,
1168 2767 1224 2827 da-

85 2864 125 2922 bo
148 2862 245 2922 vobis
274 2862 482 2936 offertorium,
517 2883 615 2922 unum
635 2861 802 2942 pulchrum
827 2863 1049 2943 aspersorium:
1086 2866 1234 2926 eteritis·

86 2961 250 3022 liberatura
292 2962 328 3020 Si
341 2963 454 3022 iterum
477 2961 609 3024 veniunt
617 3005 626 3035 ,
653 2971 728 3020 tnnc
749 2972 902 3042 exaugunt
921 2983 1010 3024 cuum
1032 2965 1223 3044 sanguinem,
1305 2989 1311 2998 ·

87 3070 118 3119 et
137 3059 226 3121 fiunt
248 3072 313 3123 met
332 3059 482 3120 infirmae.
525 3062 687 3121 Caeterum
701 3060 866 3138 quomodo
895 3071 953 3122 stat
980 3084 1028 3124 res
1048 3085 1119 3124 cum
1140 3062 1226 3124 Doc-

88 3171 157 3220 tore
173 3159 364 3242 Rcuchlinl
405 3161 488 3218 Mac
459 3159 547 3240 gistri
569 3159 675 3219 dicunt
696 3158 764 3234 hic,
785 3159 868 3240 quod
890 3179 945 3220 vos
972 3161 1059 3222 vicit:
1083 3183 1138 3243 ego
1160 3185 1224 3224 non

88 3259 212 3332 credo,
232 3237 317 3339 quod
335 3268 438 3339 posset
457 3259 582 3319 vincere
602 3258 765 3340 Magistros
787 3269 915 3320 nostros.
974 3261 1014 3320 Et
1039 3262 1137 3324 multo
1158 3281 1224 3322 ma-

88 3357 134 3436 gis
156 3358 278 3431 miror,
319 3358 404 3437 quod
432 3379 498 3418 non
528 3358 660 3419 scribitis
690 3378 790 3419 unum
810 3358 963 3418 dictamen
985 3363 1092 3418 eontra
1111 3359 1222 3440 ipsum.

87 3455 205 3518 Valete
225 3477 319 3537 super
340 3459 551 3545 aeternaliter,
574 3467 605 3517 et
624 3457 753 3517 salutate
773 3456 944 3516 Dominum
963 3457 1112 3516 loannem
1122 3458 1291 3517 Pici-1

89 3554 226 3616 ferkorn
248 3576 320 3616 eum
342 3577 398 3616 sua
426 3577 542 3618 uxore:
585 3556 691 3630 dicatis
717 3554 801 3636 quod
828 3574 900 3634 ego
913 3563 986 3635 opto
1021 3555 1081 3614 eibi
1118 3556 1290 3640 plures

89 3653 207 3714 bonas
210 3665 333 3730 noctes,
356 3675 448 3768 quam
466 3639 646 3718 Astronomi
663 3655 778 3717 habent
793 3653 937 3723 minutas,
977 3649 1263 3718 ExF—rancofor

90 3752 143 3812 dia
163 3755 248 3835 apud
263 3738 408 3816 Oderaln.
