2846 4716
111 395 117 402 ·
214 375 272 438 ΕΤ
292 377 430 440 BULLA
451 375 817 441 CONDEMNATORIA
837 376 985 442 LEONIS
1007 379 1047 440 X'.
1128 377 1196 443 517
1296 461 1298 466 Ι

66 515 118 594 cus
142 548 259 614 praesto
290 547 351 610 est,
381 557 420 595 ne
442 534 524 597 deest
546 539 667 598 Resina
685 536 719 604 in
744 537 887 614 calaad,
918 555 1031 597 errores
1050 555 1120 598 suos
1140 549 1192 616 ty-

65 635 281 716 rannidemque
299 634 390 696 saeris
419 633 515 697 literis
539 635 616 698 male
643 637 842 720 interpretatis
871 637 1057 698 communire
1087 648 1192 714 cesset,

64 736 222 796 veritatem
250 735 366 812 audiat,
397 735 517 816 doctos,
545 736 705 813 honestos,
731 757 805 797 vere
836 735 1012 799 christianos
1039 738 1191 813 ambabus,

64 848 97 894 ut
115 835 216 912 ajunt,
237 838 375 917 manibqs
404 823 609 918 amplectetur.
658 837 750 914 Quod
774 836 807 896 'si
826 835 1094 922 fecerit‚rinsontes
1117 861 1194 899 con-

63 934 221 996 demnabit
242 938 380 1014 minime,
408 959 468 1020 nec,
487 925 632 998 nocentes
659 937 816 1015 liberabit3
844 938 870 997 si
890 960 963 1000 vero
984 921 1082 1000 facere
1103 961 1192 999 recu-

64 1037 195 1113 saverit,
219 1039 412 1121 'nequaqnam
433 1038 584 1115 audiatur,
606 1037 661 1098 sed
692 1038 793 1120 potius
813 1037 984 1117 projiciatur
1013 1063 1030 1098 a
1059 1039 1194 1108 fidelium

64 1130 218 1198 consortio
228 1150 247 1214 ,j
275 1138 383 1210 don'ee'
401 1140 569 1226 ¹resipuerit
597 1153 627 1198 et
653 1137 783 1198 tradetur
810 1135 957 1197 Sathanae
972 1139 1017 1204 ¹in
1042 1140 1194 1227 interitum

65 1239 179 1313 carnis,
202 1231 237 1298 ¹ut
257 1239 377 1319 spiritus
399 1239 500 1300 salvus
521 1243 608 1316 fiat,
619 1253 778 1321 vestroque
799 1235 930 1314 auxilio,
959 1259 1059 1306 ovos
1076 1237 1194 1305 Princi-

65 1360 134 1418 pes.
128 1336 206 1398 'ab
232 1339 283 1398 iris
310 1336 473 1400 liberemur
493 1334 623 1417 malis,
633 1353 668 1400 ut
687 1341 756 1398 Deo
780 1339 979 1419 omnipotenti
1012 1339 1046 1400 in
1070 1339 1195 1400 caritate

64 1441 135 1498 Jesu
165 1441 305 1512 Christi,
333 1441 367 1499 in
395 1437 468 1503 vera
495 1443 569 1524 pace
598 1442 773 1512 serviamus.
824 1425 1015 1522 Evangelio
1023 1453 1196 1502 renascente

64 1535 153 1598 simul
184 1553 273 1618 atque
302 1540 437 1601 doctrina
458 1563 544 1619 sana,
575 1557 604 1602 et
631 1543 675 1602 sic
704 1541 827 1601 demum
848 1526 982 1623 optaturi
1006 1531 1205 1602 obtineamus

64 1643 163 1699 finem.
204 1639 307 1700 Gratia
330 1641 445 1703 domini
467 1643 562 1707 nostri
582 1646 656 1704 Iesu
671 1641 800 1714 Christi,
823 1642 874 1704 c'ui
895 1639 961 1705 laus
983 1655 1014 1710 et
1030 1639 1129 1759 gioria
1142 1635 1210 1728 pet'

65 1740 181 1802 infinita
203 1740 331 1807 saecula.
374 1743 485 1808 Amen.
553 1810 555 1820 s
