2866 4724
191 286 256 352 oss
467 273 497 354 ‘.
557 287 951 356 emenonis

190 444 250 519 rit,
284 441 393 504 rivers
412 453 443 504 et
462 443 542 506 mori
562 445 645 526 apud
666 447 841 520 fornacem,
883 458 913 510 et
938 447 1013 510 linio
1037 461 1136 510 sectae
1162 449 1317 514 Patronus

191 554 257 604 erat
276 542 463 606 Aristoteles.
519 545 619 604 Etiam
642 566 705 608 nou
727 559 792 608 eret
810 545 925 608 malum
949 549 1082 617 lactum,
1103 551 1226 629 quaudo
1246 552 1317 610 vir-

189 643 291 721 ginem
321 664 414 712 unam
437 645 488 705 vel
517 646 681 706 secundam
702 647 942 726 quaerebamus,
984 656 1013 708 et
1034 667 1104 708 cum
1125 648 1180 708 illa
1202 670 1315 729 purum

101 792 107 800 .
187 743 404 820 loquebamus‚
445 745 542 804 multo
570 746 666 826 magis
696 745 788 806 etiam
809 747 1011 822 faciebamus,
1054 759 1090 806 ut
1105 748 1314 828 intelligebat,

188 841 271 920 quod
293 861 348 902 uos
380 841 457 902 bene
486 863 556 903 oum
581 844 636 904 illa
665 846 831 904 sentiamus
858 855 889 906 et
915 845 987 906 boni
1014 847 1314 911 studuissemus

188 941 311 1018 Exque
326 940 456 1001 Juristus
475 945 597 1022 potebat
618 943 744 1016 docere,
765 944 919 1025 qrmmodo
940 945 1084 1006 clientem
1103 953 1192 1008 suu'm
1213 959 1314 1027 potest

187 1040 308 1100 obviam
331 1039 394 1114 ire,
414 1051 449 1100 ut
465 1042 649 1122 accipiebat,
673 1045 755 1122 quod
776 1044 908 1103 libenter
931 1044 1089 1120 hebebant
1110 1046 1313 1125 Theolongus

186 1149 306 1220 poterat
325 1141 454 1213 dooere,
475 1144 629 1221 quomodo
650 1155 747 1222 potest
766 1144 866 1202 solare
888 1153 1069 1219 moestos-et
1088 1145 1189 1205 tristes
1208 1165 1314 1204 mere*

185 1243 293 1315 trices,
315 1240 437 1320 quando
449 1241 581 1302 libenter
592 1244 702 1305 volunt
723 1243 835 1303 hebere
855 1241 958 1300 virum
981 1254 1011 1300 et
1032 1264 1093 1302 non
1116 1253 1244 1323 possunt
1258 1265 1314 1302 ca-

185 1361 276 1422 pore3
304 1340 446 1402 Medicus
467 1361 559 1415 vero,
589 1342 743 1421 quomodo
765 1351 864 1422 potest
887 1350 1012 1419 aegroto
1039 1340 1215 1421 inpulsum
1237 1364 1313 1422 pre-

186 1441 337 1513 hendere,
373 1453 402 1500 et
423 1441 576 1517 quomodo
598 1442 653 1500 ille
674 1441 818 1520 vapulat,
853 1450 883 1498 et
909 1441 1062 1518 quomodo
1083 1461 1179 1502 unum
1201 1462 1241 1500 ex
1260 1461 1311 1499 se-

185 1541 287 1600 cundo
307 1539 453 1620 sequitur.
493 1539 682 1612 Iammura,
704 1539 899 1618 unusquique
920 1541 1042 1620 potebat
1061 1559 1130 1598 cum
1152 1541 1311 1620 voluptate

185 1650 217 1698 et
231 1659 336 1699 amore
358 1640 484 1710 docere,
526 1615 620 1718 quod¹
638 1639 768 1698 volebat.
830 1640 947 1698 Verum
969 1639 1049 1718 proh
1070 1639 1176 1718 dolori
1216 1660 1309 1698 omne

185 1748 336 1800 mutatum
358 1751 417 1798 est:
438 1737 492 1796 Dii
514 1737 574 1816 jam
597 1739 708 1798 volunt
732 1737 858 1796 rainere
879 1737 1080 1811 Parnassum,
1107 1738 1179 1819 quia
1198 1739 1309 1818 prohi-

184 1841 349 1906 biverunt,
377 1848 412 1898 ut
432 1857 523 1896 nemo
547 1838 641 1916 magis
661 1858 694 1896 se
713 1838 839 1916 vapulet
858 1857 928 1896 curn
950 1839 1101 1911 invicem,
1131 1848 1161 1898 et
1181 1839 1309 1898 conclu-

183 1949 305 2012 serunt,
325 1938 407 2016 quod
427 1938 569 2004 omuibus
589 1939 652 1997 illis
673 1936 783 1996 volunt
795 1936 873 1996 dare
888 1938 1013 1996 rubram
1037 1957 1154 2009 ceram,
1181 1935 1234 1998 vel
1252 1958 1308 1996 ru-

184 2042 274 2098 brum
295 2057 397 2116 regem
420 2038 471 2097 vel
492 2038 664 2111 Caesarem,
687 2036 792 2116 quise
813 2035 1028 2096 cuminvicsm
1044 2037 1199 2116 vapulent.
1239 2037 1307 2094 Imo

182 2150 245 2199 tam
266 2138 356 2198 valde
376 2146 601 2217 persequuntur
621 2137 716 2194 bonos
738 2135 931 2208 Studeutes‚‘
958 2146 993 2196 ut
1018 2136 1110 2196 etiam
1131 2135 1175 2194 eis
1196 2135 1308 2196 volunt

184 2249 276 2321 celent
297 2237 453 2310 desecare,
488 2247 518 2297 et
539 2235 725 2315 suspendere
746 2244 777 2294 et
799 2233 968 2308 rotificare,
998 2235 1052 2313 qui
1076 2255 1139 2296 non
1159 2235 1307 2296 omittunt

183 2339 339 2420 vapulare.
396 2336 481 2413 Quid
503 2336 589 2394 aliud
609 2343 708 2415 potest
728 2335 766 2404 ud
788 2333 847 2392 hoc
867 2354 1011 2413 sequere,
1040 2354 1130 2412 quem
1152 2333 1229 2402 hoc,
1270 2343 1306 2394 ut

182 2450 295 2498 stamus
315 2437 392 2496 sicut
412 2436 565 2515 patrueles
583 2453 690 2506 canes,
712 2431 896 2492 Germanice
917 2432 1163 2506 Hundsveuem,
1183 2433 1305 2512 quando

105 2564 111 2586 ι
182 2536 391 2598 adversarium
416 2534 590 2614 accipimus.
651 2532 700 2594 Ad
721 2531 780 2591 lroc
802 2532 903 2605 venit,
939 2533 1021 2610 quod
1044 2533 1133 2592 etiam
1156 2535 1306 2592 Doctores

181 2637 280 2697 nostri
310 2645 449 2696 nostrum
480 2633 688 2694 valetudinem
718 2651 782 2692 uon
817 2642 878 2690 tam
909 2631 999 2692 valde
1036 2641 1182 2710 pareunt,
1225 2631 1307 2690 sicut

181 2737 266 2796 olim.
306 2735 385 2796 Nam
398 2735 505 2812 legunt
520 2733 606 2790 nobis
629 2732 696 2790 fere
716 2750 822 2790 omues
842 2731 917 2802 dies,
938 2741 968 2790 et
988 2731 1105 2804 volunt,
1127 2741 1162 2790 ut
1180 2750 1236 2789 uos
1249 2730 1307 2788 de-

180 2835 307 2894 beamus
325 2832 527 2913 respondere,
556 2832 755 2910 quaudonos
774 2843 942 2909 quercuum
983 2840 1013 2891 et
1034 2831 1125 2890 etiam
1147 2849 1211 2888 nou
1232 2838 1306 2888 suut

180 2933 335 3005 conteuti,
376 2933 498 3010 quaudo
525 2931 669 2992 dicimus:
710 2930 824 2992 Arium
851 2951 915 2990 non
935 2931 1034 3003 volat,
1074 2930 1147 3010 quia
1174 2929 1207 2988 id
1229 2928 1305 2988 dicit

179 3031 344 3110 Apostolus
358 3029 544 3102 Aristoteles,
565 3029 619 3088 scd
640 3031 764 3103 volunt,
779 3030 906 3109 quoddet
921 3050 977 3089 nos
991 3029 1107 3108 aliquid
1120 3029 1260 3114 addimus
1274 3037 1308 3116 et·

180 3131 324 3201 dicimus,
346 3149 401 3188 our
422 3138 485 3188 uon
505 3130 606 3202 volat,
628 3147 757 3208 nempe,
779 3129 852 3206 quia
871 3149 935 3188 non
954 3130 1045 3189 habet
1064 3149 1196 3208 pennas,
1216 3128 1304 3207 quasi

178 3249 254 3289 vero
277 3228 378 3307 ipsum
407 3227 602 3288 Aristotelem
629 3247 692 3289 non
719 3228 846 3288 dixisset
874 3248 994 3290 verum.
1054 3230 1095 3288 Et
1121 3245 1215 3306 super
1240 3247 1302 3304 quo

179 3328 314 3394 maxime
335 3327 411 3388 llere
434 3328 593 3401 debemus,
615 3348 705 3406 quem
731 3347 804 3386 mox
824 3327 903 3386 imus
921 3328 959 3386 sd
980 3325 1158 3389 cerevisiam
1172 3325 1304 3384 velvit-

178 3403 281 3508 giuem
306 3426 501 3487 Cstlrsriusm
529 3427 580 3487 vel
608 3427 825 3505 Sybillichaur,
859 3439 932 3486 tuuc
952 3441 1033 3506 pone
1049 3445 1104 3486 uos
1126 3433 1170 3483 est
1189 3423 1304 3484 Pedel-

73 3579 79 3586 .
177 3529 242 3599 lus,
264 3525 317 3604 qui
338 3546 394 3584 nos
416 3527 527 3606 prodit.
578 3527 664 3603 Quid
687 3527 799 3602 multa;
829 3527 867 3586 ed
888 3545 992 3586 omnes
1015 3527 1140 3597 lateres,
1160 3523 1199 3584 ad
1223 3523 1303 3582 dcx-

127 3636 257 3685 “trsm
285 3631 317 3684 et
341 3626 380 3685 ad
406 3626 559 3686 sinistram
586 3645 710 3686 manum
738 3626 835 3685 bouus
864 3624 996 3684 Studeas
1024 3622 1227 3682 circumdatus
1247 3633 1302 3680 est.

178 3726 303 3784 Satarnss
325 3725 457 3785 mundus
478 3736 508 3785 et
526 3725 653 3805 propris
673 3744 743 3784 caro
769 3725 870 3803 ipsum
889 3721 1092 3804 impugilaut,
1126 3731 1161 3782 ut
1187 3721 1301 3780 merito

178 3827 342 3885 esclamat:
363 3845 382 3883 o
405 3825 484 3886 mihi
505 3819 684 3904 praeteritos
701 3823 809 3884 reddat
828 3825 854 3883 si
874 3824 994 3903 Jupiter
1015 3821 1136 3883 annosl
1163 3822 1300 3888 „Tuau-

177 3936 249 3995 tom,
272 3944 340 3982 mee
362 3925 496 3997 Morose,
516 3925 575 3985 tibi
594 3925 747 4004 gratulare
765 3934 860 4004 potes,
882 3932 916 3983 ut
935 3921 1071 3984 studium
1090 3933 1178 3984 tuum
1198 3922 1236 4002 in,
1248 3922 1301 3982 fo·

175 4022 435 4103 licioretempore
455 4025 493 4084 ad
515 4024 609 4084 ἧηεηι
629 4025 737 4086 tulisti.
770 4024 836 4082 ·Et
856 4043 911 4102 ego
933 4023 1024 4082 etism
1045 4020 1172 4097 ridebo,
1215 4023 1300 4100 quod

176 4141 250 4180 mox
271 4143 310 4180 ex
330 4115 478 4184 Parnasso
504 4124 697 4204 proficiscor,
732 4123 804 4205 quis
826 4120 903 4184 milri
926 4107 990 4182 non
1010 4122 1126 4203 placet,
1162 4131 1194 4182 et
1215 4121 1298 4182 illud

176 4220 267 4278 etism
288 4220 438 4300 optimum
461 4233 513 4284 est.
556 4224 641 4286 Vale.
1168 4219 1179 4228 ”

240 4321 251 4347 l
