<?xml version="1.0" encoding="UTF-8"?>
<!DOCTYPE html PUBLIC "-//W3C//DTD XHTML 1.0 Transitional//EN"
    "http://www.w3.org/TR/xhtml1/DTD/xhtml1-transitional.dtd">
<html xmlns="http://www.w3.org/1999/xhtml" xml:lang="en" lang="en">
 <head>
  <title>
</title>
<meta http-equiv="Content-Type" content="text/html;charset=utf-8" />
  <meta name='ocr-system' content='tesseract 3.04.00' />
  <meta name='ocr-capabilities' content='ocr_page ocr_carea ocr_par ocr_line ocrx_word'/>
</head>
<body>
  <div class='ocr_page' id='page_1' title='image "./ulrichiabhutten04mngoog_0368.png"; bbox 0 0 2866 4724; ppageno 0'>
   <div class='ocr_carea' id='block_1_1' title="bbox 182 295 1104 374">
    <p class='ocr_par' dir='ltr' id='par_1_1' title="bbox 182 295 1104 374">
     <span class='ocr_line' id='line_1_1' title="bbox 182 295 1104 374; baseline -0.015 -6"><span class='ocrx_word' id='word_1_1' title='bbox 182 301 247 368; x_wconf 75' lang='lat' dir='ltr'><strong>35ss</strong></span> <span class='ocrx_word' id='word_1_2' title='bbox 530 298 696 370; x_wconf 75' lang='lat' dir='ltr'><strong>Diti-L</strong></span> <span class='ocrx_word' id='word_1_3' title='bbox 718 295 848 374; x_wconf 77' lang='lat' dir='ltr'><strong>O&#39;Gt.</strong></span> <span class='ocrx_word' id='word_1_4' title='bbox 888 295 975 368; x_wconf 71' lang='lat' dir='ltr'><strong>tati</strong></span> <span class='ocrx_word' id='word_1_5' title='bbox 1100 349 1104 354; x_wconf 91' lang='lat'>.</span> 
     </span>
    </p>
   </div>
   <div class='ocr_carea' id='block_1_2' title="bbox 121 453 1425 4330">
    <p class='ocr_par' dir='ltr' id='par_1_2' title="bbox 187 453 1319 546">
     <span class='ocr_line' id='line_1_2' title="bbox 187 453 1319 546; baseline -0.007 -22"><span class='ocrx_word' id='word_1_6' title='bbox 187 459 292 525; x_wconf 71' lang='lat' dir='ltr'><strong>dedu</strong></span> <span class='ocrx_word' id='word_1_7' title='bbox 319 465 415 546; x_wconf 75' lang='lat' dir='ltr'><strong>esst,</strong></span> <span class='ocrx_word' id='word_1_8' title='bbox 446 455 509 537; x_wconf 79' lang='lat' dir='ltr'><strong>isus</strong></span> <span class='ocrx_word' id='word_1_9' title='bbox 536 454 634 520; x_wconf 80' lang='lat' dir='ltr'><strong>alters</strong></span> <span class='ocrx_word' id='word_1_10' title='bbox 668 455 739 518; x_wconf 86' lang='lat' dir='ltr'><strong>vice</strong></span> <span class='ocrx_word' id='word_1_11' title='bbox 768 453 945 536; x_wconf 82' lang='lat' dir='ltr'><strong>decepisset</strong></span> <span class='ocrx_word' id='word_1_12' title='bbox 971 453 1200 537; x_wconf 65' lang='lat' dir='ltr'><strong>plebeculam·</strong></span> <span class='ocrx_word' id='word_1_13' title='bbox 1224 453 1319 518; x_wconf 69' lang='lat' dir='ltr'><strong>umn-</strong></span> 
     </span>
    </p>

    <p class='ocr_par' dir='ltr' id='par_1_3' title="bbox 121 551 1425 3327">
     <span class='ocr_line' id='line_1_3' title="bbox 121 551 1322 639; baseline -0.005 -19"><span class='ocrx_word' id='word_1_14' title='bbox 121 605 124 609; x_wconf 74' lang='lat'><strong>,</strong></span> <span class='ocrx_word' id='word_1_15' title='bbox 187 561 250 628; x_wconf 83' lang='lat' dir='ltr'><strong>leta</strong></span> <span class='ocrx_word' id='word_1_16' title='bbox 277 555 476 639; x_wconf 67' lang='lat' dir='ltr'>expeditione</span> <span class='ocrx_word' id='word_1_17' title='bbox 508 553 722 622; x_wconf 74' lang='lat' dir='ltr'><strong>iurarem:</strong></span> <span class='ocrx_word' id='word_1_18' title='bbox 762 556 816 616; x_wconf 88' lang='lat' dir='ltr'><strong>sed</strong></span> <span class='ocrx_word' id='word_1_19' title='bbox 842 551 904 634; x_wconf 71' lang='lat' dir='ltr'><strong>jam</strong></span> <span class='ocrx_word' id='word_1_20' title='bbox 928 554 985 617; x_wconf 85' lang='lat' dir='ltr'><strong>icti</strong></span> <span class='ocrx_word' id='word_1_21' title='bbox 1016 553 1152 636; x_wconf 81' lang='lat' dir='ltr'><strong>sapiunt.</strong></span> <span class='ocrx_word' id='word_1_22' title='bbox 1213 555 1322 635; x_wconf 88' lang='lat' dir='ltr'><strong>Lupus</strong></span> 
     </span>
     <span class='ocr_line' id='line_1_4' title="bbox 188 653 1422 738; baseline -0.009 -16"><span class='ocrx_word' id='word_1_23' title='bbox 188 660 279 722; x_wconf 84' lang='lat' dir='ltr'><strong>hians</strong></span> <span class='ocrx_word' id='word_1_24' title='bbox 300 658 445 720; x_wconf 73' lang='lat' dir='ltr'><strong>discessit.</strong></span> <span class='ocrx_word' id='word_1_25' title='bbox 486 659 583 718; x_wconf 85' lang='lat' dir='ltr'><strong>Mons.</strong></span> <span class='ocrx_word' id='word_1_26' title='bbox 605 655 691 716; x_wconf 87' lang='lat' dir='ltr'><strong>Olim</strong></span> <span class='ocrx_word' id='word_1_27' title='bbox 712 654 780 736; x_wconf 87' lang='lat' dir='ltr'><strong>lege</strong></span> <span class='ocrx_word' id='word_1_28' title='bbox 799 655 950 722; x_wconf 85' lang='lat' dir='ltr'><strong>sancitum</strong></span> <span class='ocrx_word' id='word_1_29' title='bbox 970 663 1053 727; x_wconf 84' lang='lat' dir='ltr'><strong>crat,</strong></span> <span class='ocrx_word' id='word_1_30' title='bbox 1085 673 1127 714; x_wconf 89' lang='lat' dir='ltr'><strong>ue</strong></span> <span class='ocrx_word' id='word_1_31' title='bbox 1147 653 1324 733; x_wconf 84' lang='lat' dir='ltr'><strong>quidtem-</strong></span> <span class='ocrx_word' id='word_1_32' title='bbox 1421 656 1422 738; x_wconf 67' lang='lat' dir='ltr'><strong>l</strong></span> 
     </span>
     <span class='ocr_line' id='line_1_5' title="bbox 190 749 1422 840; baseline -0.004 -24"><span class='ocrx_word' id='word_1_33' title='bbox 190 757 305 840; x_wconf 84' lang='lat' dir='ltr'><strong>puralis</strong></span> <span class='ocrx_word' id='word_1_34' title='bbox 326 757 457 820; x_wconf 88' lang='lat' dir='ltr'><strong>dominii</strong></span> <span class='ocrx_word' id='word_1_35' title='bbox 478 756 643 827; x_wconf 83' lang='lat' dir='ltr'><strong>haberent,</strong></span> <span class='ocrx_word' id='word_1_36' title='bbox 685 755 738 817; x_wconf 82' lang='lat' dir='ltr'><strong>vel</strong></span> <span class='ocrx_word' id='word_1_37' title='bbox 764 755 906 836; x_wconf 74' lang='lat' dir='ltr'><strong>opulenti</strong></span> <span class='ocrx_word' id='word_1_38' title='bbox 936 763 1037 816; x_wconf 84' lang='lat' dir='ltr'><strong>esseut</strong></span> <span class='ocrx_word' id='word_1_39' title='bbox 1064 753 1238 825; x_wconf 75' lang='lat' dir='ltr'><strong>Flumineo,</strong></span> <span class='ocrx_word' id='word_1_40' title='bbox 1280 762 1326 812; x_wconf 84' lang='lat' dir='ltr'><strong>st·</strong></span> <span class='ocrx_word' id='word_1_41' title='bbox 1421 749 1422 800; x_wconf 72' lang='grc' dir='ltr'>ἶ</span> 
     </span>
     <span class='ocr_line' id='line_1_6' title="bbox 189 851 1328 937; baseline -0.005 -21"><span class='ocrx_word' id='word_1_42' title='bbox 189 877 253 937; x_wconf 87' lang='lat' dir='ltr'><strong>que</strong></span> <span class='ocrx_word' id='word_1_43' title='bbox 272 856 383 937; x_wconf 83' lang='lat' dir='ltr'><strong>ii„qui</strong></span> <span class='ocrx_word' id='word_1_44' title='bbox 403 856 496 922; x_wconf 85' lang='lat' dir='ltr'><strong>sacris</strong></span> <span class='ocrx_word' id='word_1_45' title='bbox 509 863 687 936; x_wconf 83' lang='lat' dir='ltr'><strong>praeerant.</strong></span> <span class='ocrx_word' id='word_1_46' title='bbox 756 855 819 918; x_wconf 86' lang='lat' dir='ltr'><strong>Sed</strong></span> <span class='ocrx_word' id='word_1_47' title='bbox 845 855 938 916; x_wconf 89' lang='lat' dir='ltr'><strong>unice</strong></span> <span class='ocrx_word' id='word_1_48' title='bbox 960 863 1079 915; x_wconf 82' lang='lat' dir='ltr'><strong>tautum</strong></span> <span class='ocrx_word' id='word_1_49' title='bbox 1102 853 1244 918; x_wconf 84' lang='lat' dir='ltr'><strong>Deorum</strong></span> <span class='ocrx_word' id='word_1_50' title='bbox 1267 851 1328 910; x_wconf 86' lang='lat' dir='ltr'><strong>mi·</strong></span> 
     </span>
     <span class='ocr_line' id='line_1_7' title="bbox 192 952 1327 1037; baseline -0.005 -23"><span class='ocrx_word' id='word_1_51' title='bbox 192 955 321 1017; x_wconf 86' lang='lat' dir='ltr'><strong>nisterio</strong></span> <span class='ocrx_word' id='word_1_52' title='bbox 349 957 465 1020; x_wconf 80' lang='lat' dir='ltr'><strong>addicti</strong></span> <span class='ocrx_word' id='word_1_53' title='bbox 493 955 609 1037; x_wconf 88' lang='lat' dir='ltr'><strong>populo</strong></span> <span class='ocrx_word' id='word_1_54' title='bbox 641 971 789 1035; x_wconf 85' lang='lat' dir='ltr'><strong>response</strong></span> <span class='ocrx_word' id='word_1_55' title='bbox 815 955 943 1028; x_wconf 85' lang='lat' dir='ltr'><strong>darent,</strong></span> <span class='ocrx_word' id='word_1_56' title='bbox 997 975 1033 1013; x_wconf 85' lang='lat' dir='ltr'><strong>ac</strong></span> <span class='ocrx_word' id='word_1_57' title='bbox 1063 972 1150 1014; x_wconf 85' lang='lat' dir='ltr'><strong>sacro</strong></span> <span class='ocrx_word' id='word_1_58' title='bbox 1177 952 1327 1011; x_wconf 83' lang='lat' dir='ltr'><strong>facerent.</strong></span> 
     </span>
     <span class='ocr_line' id='line_1_8' title="bbox 194 1053 1330 1136; baseline -0.002 -24"><span class='ocrx_word' id='word_1_59' title='bbox 194 1059 296 1134; x_wconf 70' lang='lat' dir='ltr'><strong>Pasq:</strong></span> <span class='ocrx_word' id='word_1_60' title='bbox 333 1055 418 1116; x_wconf 77' lang='lat' dir='ltr'><strong>Nori</strong></span> <span class='ocrx_word' id='word_1_61' title='bbox 444 1075 500 1136; x_wconf 83' lang='lat' dir='ltr'><strong>ego</strong></span> <span class='ocrx_word' id='word_1_62' title='bbox 531 1053 685 1135; x_wconf 78' lang='lat' dir='ltr'><strong>quondam</strong></span> <span class='ocrx_word' id='word_1_63' title='bbox 720 1065 842 1132; x_wconf 64' lang='lat' dir='ltr'><strong>espanes</strong></span> <span class='ocrx_word' id='word_1_64' title='bbox 869 1075 957 1135; x_wconf 74' lang='lat' dir='ltr'><strong>seges</strong></span> <span class='ocrx_word' id='word_1_65' title='bbox 986 1055 1200 1116; x_wconf 81' lang='lat' dir='ltr'><strong>Romanorum</strong></span> <span class='ocrx_word' id='word_1_66' title='bbox 1232 1073 1252 1113; x_wconf 87' lang='lat' dir='ltr'><strong>a</strong></span> <span class='ocrx_word' id='word_1_67' title='bbox 1282 1071 1330 1110; x_wconf 84' lang='lat' dir='ltr'><strong>sa·</strong></span> 
     </span>
     <span class='ocr_line' id='line_1_9' title="bbox 194 1149 1423 1244; baseline -0.003 -32"><span class='ocrx_word' id='word_1_68' title='bbox 194 1153 322 1229; x_wconf 80' lang='lat' dir='ltr'><strong>criticio,</strong></span> <span class='ocrx_word' id='word_1_69' title='bbox 344 1155 471 1233; x_wconf 77' lang='lat' dir='ltr'><strong>(licebat</strong></span> <span class='ocrx_word' id='word_1_70' title='bbox 489 1154 573 1222; x_wconf 82' lang='lat' dir='ltr'><strong>euius</strong></span> <span class='ocrx_word' id='word_1_71' title='bbox 594 1164 625 1217; x_wconf 89' lang='lat' dir='ltr'><strong>et</strong></span> <span class='ocrx_word' id='word_1_72' title='bbox 646 1151 1085 1234; x_wconf 71' lang='lat' dir='ltr'><strong>Regibusluncsacrifioase)</strong></span> <span class='ocrx_word' id='word_1_73' title='bbox 1108 1151 1227 1231; x_wconf 84' lang='lat' dir='ltr'><strong>nequid</strong></span> <span class='ocrx_word' id='word_1_74' title='bbox 1246 1149 1330 1210; x_wconf 88' lang='lat' dir='ltr'><strong>inte·</strong></span> <span class='ocrx_word' id='word_1_75' title='bbox 1422 1219 1423 1244; x_wconf 23' lang='lat'>¹</span> 
     </span>
     <span class='ocr_line' id='line_1_10' title="bbox 190 1249 1423 1335; baseline -0.003 -25"><span class='ocrx_word' id='word_1_76' title='bbox 190 1272 248 1320; x_wconf 72' lang='lat' dir='ltr'><strong>,rea</strong></span> <span class='ocrx_word' id='word_1_77' title='bbox 269 1253 304 1314; x_wconf 91' lang='lat' dir='ltr'><strong>in</strong></span> <span class='ocrx_word' id='word_1_78' title='bbox 327 1255 486 1335; x_wconf 76' lang='lat' dir='ltr'><strong>republica</strong></span> <span class='ocrx_word' id='word_1_79' title='bbox 503 1275 523 1314; x_wconf 89' lang='lat' dir='ltr'><strong>a</strong></span> <span class='ocrx_word' id='word_1_80' title='bbox 544 1253 723 1320; x_wconf 74' lang='lat' dir='ltr'><strong>ministerio,</strong></span> <span class='ocrx_word' id='word_1_81' title='bbox 738 1253 939 1334; x_wconf 73' lang='lat' dir='ltr'><strong>negligerent.</strong></span> <span class='ocrx_word' id='word_1_82' title='bbox 981 1253 1156 1332; x_wconf 64' lang='lat' dir='ltr'><strong>susque-i</strong></span> <span class='ocrx_word' id='word_1_83' title='bbox 1178 1270 1274 1314; x_wconf 86' lang='lat' dir='ltr'><strong>nemo</strong></span> <span class='ocrx_word' id='word_1_84' title='bbox 1288 1249 1330 1306; x_wconf 88' lang='lat' dir='ltr'><strong>si-</strong></span> <span class='ocrx_word' id='word_1_85' title='bbox 1422 1273 1423 1290; x_wconf 53' lang='lat'>¹</span> 
     </span>
     <span class='ocr_line' id='line_1_11' title="bbox 189 1347 1331 1436; baseline -0.002 -24"><span class='ocrx_word' id='word_1_86' title='bbox 189 1352 262 1412; x_wconf 80' lang='lat' dir='ltr'><strong>suul</strong></span> <span class='ocrx_word' id='word_1_87' title='bbox 281 1373 317 1414; x_wconf 87' lang='lat' dir='ltr'><strong>ac</strong></span> <span class='ocrx_word' id='word_1_88' title='bbox 337 1356 433 1420; x_wconf 78' lang='lat' dir='ltr'><strong>semel</strong></span> <span class='ocrx_word' id='word_1_89' title='bbox 448 1355 575 1420; x_wconf 67' lang='lat' dir='ltr'><strong>diversa</strong></span> <span class='ocrx_word' id='word_1_90' title='bbox 597 1353 692 1434; x_wconf 87' lang='lat' dir='ltr'><strong>possit</strong></span> <span class='ocrx_word' id='word_1_91' title='bbox 711 1363 876 1436; x_wconf 76' lang='lat' dir='ltr'><strong>tractare„</strong></span> <span class='ocrx_word' id='word_1_92' title='bbox 899 1350 1006 1414; x_wconf 83' lang='lat' dir='ltr'><strong>divina</strong></span> <span class='ocrx_word' id='word_1_93' title='bbox 1026 1362 1057 1412; x_wconf 90' lang='lat' dir='ltr'><strong>et</strong></span> <span class='ocrx_word' id='word_1_94' title='bbox 1077 1351 1230 1432; x_wconf 79' lang='lat' dir='ltr'><strong>profane,</strong></span> <span class='ocrx_word' id='word_1_95' title='bbox 1261 1347 1331 1410; x_wconf 79' lang='lat' dir='ltr'><strong>Diis</strong></span> 
     </span>
     <span class='ocr_line' id='line_1_12' title="bbox 192 1451 1332 1542; baseline -0.004 -29"><span class='ocrx_word' id='word_1_96' title='bbox 192 1453 313 1516; x_wconf 69' lang='lat' dir='ltr'><strong>terrim</strong></span> <span class='ocrx_word' id='word_1_97' title='bbox 336 1466 366 1512; x_wconf 92' lang='lat' dir='ltr'><strong>et</strong></span> <span class='ocrx_word' id='word_1_98' title='bbox 383 1455 547 1542; x_wconf 78' lang='lat' dir='ltr'><strong>tumultpi,</strong></span> <span class='ocrx_word' id='word_1_99' title='bbox 586 1473 623 1518; x_wconf 83' lang='lat' dir='ltr'><strong>ee</strong></span> <span class='ocrx_word' id='word_1_100' title='bbox 650 1453 855 1518; x_wconf 83' lang='lat' dir='ltr'><strong>saecularium</strong></span> <span class='ocrx_word' id='word_1_101' title='bbox 883 1471 989 1513; x_wconf 86' lang='lat' dir='ltr'><strong>rerum</strong></span> <span class='ocrx_word' id='word_1_102' title='bbox 1011 1453 1101 1516; x_wconf 89' lang='lat' dir='ltr'><strong>curis.</strong></span> <span class='ocrx_word' id='word_1_103' title='bbox 1155 1451 1332 1512; x_wconf 52' lang='lat' dir='ltr'><strong>&lt;caeterum</strong></span> 
     </span>
     <span class='ocr_line' id='line_1_13' title="bbox 192 1549 1333 1634; baseline -0.005 -22"><span class='ocrx_word' id='word_1_104' title='bbox 192 1551 285 1612; x_wconf 82' lang='lat' dir='ltr'><strong>nobis</strong></span> <span class='ocrx_word' id='word_1_105' title='bbox 306 1555 426 1627; x_wconf 85' lang='lat' dir='ltr'><strong>accidit,</strong></span> <span class='ocrx_word' id='word_1_106' title='bbox 449 1554 533 1634; x_wconf 88' lang='lat' dir='ltr'><strong>quod</strong></span> <span class='ocrx_word' id='word_1_107' title='bbox 550 1553 648 1625; x_wconf 85' lang='lat' dir='ltr'><strong>rides,</strong></span> <span class='ocrx_word' id='word_1_108' title='bbox 671 1553 795 1612; x_wconf 82' lang='lat' dir='ltr'><strong>inversa</strong></span> <span class='ocrx_word' id='word_1_109' title='bbox 813 1552 898 1632; x_wconf 89' lang='lat' dir='ltr'><strong>apud</strong></span> <span class='ocrx_word' id='word_1_110' title='bbox 919 1573 974 1612; x_wconf 91' lang='lat' dir='ltr'><strong>nos</strong></span> <span class='ocrx_word' id='word_1_111' title='bbox 995 1551 1108 1612; x_wconf 70' lang='lat' dir='ltr'><strong>osenia.</strong></span> <span class='ocrx_word' id='word_1_112' title='bbox 1149 1550 1269 1611; x_wconf 82' lang='lat' dir='ltr'><strong>Videas</strong></span> <span class='ocrx_word' id='word_1_113' title='bbox 1282 1549 1333 1608; x_wconf 89' lang='lat' dir='ltr'><strong>hic</strong></span> 
     </span>
     <span class='ocr_line' id='line_1_14' title="bbox 195 1650 1332 1732; baseline -0.006 -19"><span class='ocrx_word' id='word_1_114' title='bbox 195 1650 378 1721; x_wconf 70' lang='lat' dir='ltr'><strong>Pontificesj</strong></span> <span class='ocrx_word' id='word_1_115' title='bbox 414 1652 610 1726; x_wconf 73' lang='lat' dir='ltr'><strong>cardinales,</strong></span> <span class='ocrx_word' id='word_1_116' title='bbox 634 1651 815 1731; x_wconf 71' lang='lat' dir='ltr'><strong>Episcopus,</strong></span> <span class='ocrx_word' id='word_1_117' title='bbox 848 1651 1060 1732; x_wconf 80' lang='lat' dir='ltr'><strong>Praepositos,</strong></span> <span class='ocrx_word' id='word_1_118' title='bbox 1081 1650 1232 1730; x_wconf 70' lang='lat' dir='ltr'><strong>abbates,</strong></span> <span class='ocrx_word' id='word_1_119' title='bbox 1264 1667 1332 1707; x_wconf 84' lang='lat' dir='ltr'><strong>cae-</strong></span> 
     </span>
     <span class='ocr_line' id='line_1_15' title="bbox 192 1750 1334 1836; baseline -0.007 -20"><span class='ocrx_word' id='word_1_120' title='bbox 192 1750 425 1818; x_wconf 72' lang='lat' dir='ltr'><strong>nobismsttts.</strong></span> <span class='ocrx_word' id='word_1_121' title='bbox 439 1752 538 1816; x_wconf 87' lang='lat' dir='ltr'><strong>modis</strong></span> <span class='ocrx_word' id='word_1_122' title='bbox 558 1751 719 1836; x_wconf 81' lang='lat' dir='ltr'><strong>Principes</strong></span> <span class='ocrx_word' id='word_1_123' title='bbox 739 1752 924 1812; x_wconf 80' lang='lat' dir='ltr'><strong>antecellere</strong></span> <span class='ocrx_word' id='word_1_124' title='bbox 945 1750 1079 1825; x_wconf 87' lang='lat' dir='ltr'><strong>divitiis,</strong></span> <span class='ocrx_word' id='word_1_125' title='bbox 1106 1769 1243 1828; x_wconf 66' lang='lat' dir='ltr'><strong>ungere</strong></span> <span class='ocrx_word' id='word_1_126' title='bbox 1264 1769 1334 1809; x_wconf 84' lang='lat' dir='ltr'><strong>ens-</strong></span> 
     </span>
     <span class='ocr_line' id='line_1_16' title="bbox 193 1849 1334 1936; baseline -0.005 -22"><span class='ocrx_word' id='word_1_127' title='bbox 193 1853 492 1936; x_wconf 45' lang='lat' dir='ltr'><strong>transsubstantiare}</strong></span> <span class='ocrx_word' id='word_1_128' title='bbox 518 1851 644 1932; x_wconf 89' lang='lat' dir='ltr'><strong>populi,</strong></span> <span class='ocrx_word' id='word_1_129' title='bbox 679 1851 851 1929; x_wconf 87' lang='lat' dir='ltr'><strong>sumptibus</strong></span> <span class='ocrx_word' id='word_1_130' title='bbox 876 1850 1054 1931; x_wconf 83' lang='lat' dir='ltr'><strong>indulgere,</strong></span> <span class='ocrx_word' id='word_1_131' title='bbox 1077 1858 1109 1912; x_wconf 85' lang='lat' dir='ltr'><strong>et</strong></span> <span class='ocrx_word' id='word_1_132' title='bbox 1133 1849 1334 1930; x_wconf 74' lang='lat' dir='ltr'><strong>apparatibus</strong></span> 
     </span>
     <span class='ocr_line' id='line_1_17' title="bbox 192 1948 1424 2032; baseline -0.003 -20"><span class='ocrx_word' id='word_1_133' title='bbox 192 1948 268 2028; x_wconf 81' lang='lat' dir='ltr'><strong>plus</strong></span> <span class='ocrx_word' id='word_1_134' title='bbox 288 1967 396 2030; x_wconf 80' lang='lat' dir='ltr'><strong>quatu.</strong></span> <span class='ocrx_word' id='word_1_135' title='bbox 404 1951 601 2032; x_wconf 77' lang='lat' dir='ltr'><strong>Sybariticis,</strong></span> <span class='ocrx_word' id='word_1_136' title='bbox 622 1949 712 2010; x_wconf 76' lang='lat' dir='ltr'><strong>aedes</strong></span> <span class='ocrx_word' id='word_1_137' title='bbox 732 1949 907 2030; x_wconf 88' lang='lat' dir='ltr'><strong>possidere,</strong></span> <span class='ocrx_word' id='word_1_138' title='bbox 943 1949 1129 2028; x_wconf 78' lang='lat' dir='ltr'><strong>simulatque</strong></span> <span class='ocrx_word' id='word_1_139' title='bbox 1150 1960 1333 2010; x_wconf 83' lang='lat' dir='ltr'><strong>construere</strong></span> <span class='ocrx_word' id='word_1_140' title='bbox 1423 2019 1424 2024; x_wconf 8' lang='grc' dir='ltr'>η</span> 
     </span>
     <span class='ocr_line' id='line_1_18' title="bbox 194 2047 1424 2130; baseline -0.002 -20"><span class='ocrx_word' id='word_1_141' title='bbox 194 2049 397 2128; x_wconf 76' lang='lat' dir='ltr'><strong>magnificas,</strong></span> <span class='ocrx_word' id='word_1_142' title='bbox 420 2059 568 2130; x_wconf 79' lang='lat' dir='ltr'><strong>tanquam</strong></span> <span class='ocrx_word' id='word_1_143' title='bbox 588 2059 740 2130; x_wconf 87' lang='lat' dir='ltr'><strong>perpetuo</strong></span> <span class='ocrx_word' id='word_1_144' title='bbox 759 2049 824 2112; x_wconf 84' lang='lat' dir='ltr'><strong>sint</strong></span> <span class='ocrx_word' id='word_1_145' title='bbox 844 2049 967 2110; x_wconf 83' lang='lat' dir='ltr'><strong>victuri.</strong></span> <span class='ocrx_word' id='word_1_146' title='bbox 1007 2049 1137 2110; x_wconf 85' lang='lat' dir='ltr'><strong>Nutrire</strong></span> <span class='ocrx_word' id='word_1_147' title='bbox 1157 2059 1277 2121; x_wconf 87' lang='lat' dir='ltr'><strong>scorta,</strong></span> <span class='ocrx_word' id='word_1_148' title='bbox 1300 2050 1334 2108; x_wconf 84' lang='lat' dir='ltr'><strong>itt</strong></span> <span class='ocrx_word' id='word_1_149' title='bbox 1423 2047 1424 2052; x_wconf 51' lang='lat'>&#39;</span> 
     </span>
     <span class='ocr_line' id='line_1_19' title="bbox 198 2148 1333 2229; baseline 0 -21"><span class='ocrx_word' id='word_1_150' title='bbox 198 2167 307 2212; x_wconf 76' lang='lat' dir='ltr'><strong>omncs</strong></span> <span class='ocrx_word' id='word_1_151' title='bbox 327 2149 464 2214; x_wconf 80' lang='lat' dir='ltr'><strong>defluere</strong></span> <span class='ocrx_word' id='word_1_152' title='bbox 487 2150 628 2217; x_wconf 79' lang='lat' dir='ltr'><strong>divitias,</strong></span> <span class='ocrx_word' id='word_1_153' title='bbox 652 2168 762 2208; x_wconf 86' lang='lat' dir='ltr'><strong>curare</strong></span> <span class='ocrx_word' id='word_1_154' title='bbox 782 2149 964 2222; x_wconf 79' lang='lat' dir='ltr'><strong>cuticulam,</strong></span> <span class='ocrx_word' id='word_1_155' title='bbox 993 2148 1075 2208; x_wconf 89' lang='lat' dir='ltr'><strong>nihil</strong></span> <span class='ocrx_word' id='word_1_156' title='bbox 1096 2169 1160 2210; x_wconf 89' lang='lat' dir='ltr'><strong>non</strong></span> <span class='ocrx_word' id='word_1_157' title='bbox 1182 2148 1333 2229; x_wconf 86' lang='lat' dir='ltr'><strong>experiri,</strong></span> 
     </span>
     <span class='ocr_line' id='line_1_20' title="bbox 199 2247 1336 2330; baseline 0.001 -25"><span class='ocrx_word' id='word_1_158' title='bbox 199 2247 286 2325; x_wconf 87' lang='lat' dir='ltr'><strong>quod</strong></span> <span class='ocrx_word' id='word_1_159' title='bbox 302 2248 652 2330; x_wconf 79' lang='lat' dir='ltr'><strong>voluptatis=quippiam</strong></span> <span class='ocrx_word' id='word_1_160' title='bbox 674 2249 799 2308; x_wconf 81' lang='lat' dir='ltr'><strong>adferat</strong></span> <span class='ocrx_word' id='word_1_161' title='bbox 818 2251 958 2328; x_wconf 78' lang='lat' dir='ltr'><strong>corpori,</strong></span> <span class='ocrx_word' id='word_1_162' title='bbox 978 2269 997 2307; x_wconf 88' lang='lat' dir='ltr'><strong>e</strong></span> <span class='ocrx_word' id='word_1_163' title='bbox 1017 2249 1139 2312; x_wconf 81' lang='lat' dir='ltr'><strong>diverso</strong></span> <span class='ocrx_word' id='word_1_164' title='bbox 1160 2267 1254 2326; x_wconf 83' lang='lat' dir='ltr'><strong>egere</strong></span> <span class='ocrx_word' id='word_1_165' title='bbox 1268 2249 1336 2328; x_wconf 90' lang='lat' dir='ltr'><strong>ple-</strong></span> 
     </span>
     <span class='ocr_line' id='line_1_21' title="bbox 191 2345 1334 2430; baseline -0.001 -24"><span class='ocrx_word' id='word_1_166' title='bbox 191 2345 288 2419; x_wconf 86' lang='lat' dir='ltr'><strong>-bem,</strong></span> <span class='ocrx_word' id='word_1_167' title='bbox 312 2349 636 2430; x_wconf 83' lang='lat' dir='ltr'><strong>opprimipsupercs,</strong></span> <span class='ocrx_word' id='word_1_168' title='bbox 655 2349 844 2428; x_wconf 72' lang='lat' dir='ltr'><strong>¹promoveri</strong></span> <span class='ocrx_word' id='word_1_169' title='bbox 866 2359 898 2406; x_wconf 88' lang='lat' dir='ltr'><strong>et</strong></span> <span class='ocrx_word' id='word_1_170' title='bbox 919 2350 1028 2410; x_wconf 84' lang='lat' dir='ltr'><strong>extolli</strong></span> <span class='ocrx_word' id='word_1_171' title='bbox 1044 2349 1206 2429; x_wconf 81' lang='lat' dir='ltr'><strong>indignos,</strong></span> <span class='ocrx_word' id='word_1_172' title='bbox 1237 2349 1334 2426; x_wconf 85' lang='lat' dir='ltr'><strong>virgi-</strong></span> 
     </span>
     <span class='ocr_line' id='line_1_22' title="bbox 201 2446 1336 2529; baseline -0.001 -23"><span class='ocrx_word' id='word_1_173' title='bbox 201 2465 278 2506; x_wconf 81' lang='lat' dir='ltr'><strong>uum</strong></span> <span class='ocrx_word' id='word_1_174' title='bbox 301 2460 332 2508; x_wconf 86' lang='lat' dir='ltr'><strong>et</strong></span> <span class='ocrx_word' id='word_1_175' title='bbox 351 2467 487 2510; x_wconf 84' lang='lat' dir='ltr'><strong>uxorum</strong></span> <span class='ocrx_word' id='word_1_176' title='bbox 507 2448 651 2509; x_wconf 87' lang='lat' dir='ltr'><strong>attentari</strong></span> <span class='ocrx_word' id='word_1_177' title='bbox 670 2447 869 2528; x_wconf 82' lang='lat' dir='ltr'><strong>pudicitiemr</strong></span> <span class='ocrx_word' id='word_1_178' title='bbox 910 2458 1002 2529; x_wconf 88' lang='lat' dir='ltr'><strong>atque</strong></span> <span class='ocrx_word' id='word_1_179' title='bbox 1023 2449 1082 2510; x_wconf 88' lang='lat' dir='ltr'><strong>hoc</strong></span> <span class='ocrx_word' id='word_1_180' title='bbox 1108 2470 1127 2509; x_wconf 87' lang='lat' dir='ltr'><strong>a</strong></span> <span class='ocrx_word' id='word_1_181' title='bbox 1152 2468 1219 2510; x_wconf 90' lang='lat' dir='ltr'><strong>non</strong></span> <span class='ocrx_word' id='word_1_182' title='bbox 1242 2446 1336 2507; x_wconf 87' lang='lat' dir='ltr'><strong>nullis</strong></span> 
     </span>
     <span class='ocr_line' id='line_1_23' title="bbox 201 2547 1425 2630; baseline 0.003 -22"><span class='ocrx_word' id='word_1_183' title='bbox 201 2565 295 2623; x_wconf 87' lang='lat' dir='ltr'><strong>queas</strong></span> <span class='ocrx_word' id='word_1_184' title='bbox 316 2548 354 2608; x_wconf 88' lang='lat' dir='ltr'><strong>ub</strong></span> <span class='ocrx_word' id='word_1_185' title='bbox 373 2549 430 2622; x_wconf 85' lang='lat' dir='ltr'><strong>iis‘,</strong></span> <span class='ocrx_word' id='word_1_186' title='bbox 467 2569 546 2630; x_wconf 68' lang='lat' dir='ltr'><strong>qums</strong></span> <span class='ocrx_word' id='word_1_187' title='bbox 566 2547 700 2608; x_wconf 82' lang='lat' dir='ltr'><strong>mundus</strong></span> <span class='ocrx_word' id='word_1_188' title='bbox 721 2548 809 2610; x_wconf 83' lang='lat' dir='ltr'><strong>velut</strong></span> <span class='ocrx_word' id='word_1_189' title='bbox 827 2548 952 2628; x_wconf 79' lang='lat' dir='ltr'><strong>angelos</strong></span> <span class='ocrx_word' id='word_1_190' title='bbox 972 2550 1033 2610; x_wconf 89' lang='lat' dir='ltr'><strong>Dei</strong></span> <span class='ocrx_word' id='word_1_191' title='bbox 1047 2549 1228 2610; x_wconf 71' lang='lat' dir='ltr'><strong>demiratum</strong></span> <span class='ocrx_word' id='word_1_192' title='bbox 1289 2549 1340 2608; x_wconf 84' lang='lat' dir='ltr'><strong>Ec</strong></span> <span class='ocrx_word' id='word_1_193' title='bbox 1424 2571 1425 2612; x_wconf 71' lang='lat'>1</span> 
     </span>
     <span class='ocr_line' id='line_1_24' title="bbox 201 2639 1338 2730; baseline -0.002 -22"><span class='ocrx_word' id='word_1_194' title='bbox 201 2645 443 2710; x_wconf 81' lang='lat' dir='ltr'><strong>defecituostra</strong></span> <span class='ocrx_word' id='word_1_195' title='bbox 458 2647 590 2728; x_wconf 79' lang='lat' dir='ltr'><strong>religio,</strong></span> <span class='ocrx_word' id='word_1_196' title='bbox 616 2667 670 2708; x_wconf 70' lang='lat' dir='ltr'><strong>‚eoz</strong></span> <span class='ocrx_word' id='word_1_197' title='bbox 684 2639 827 2728; x_wconf 81' lang='lat' dir='ltr'><strong>prolapsa</strong></span> <span class='ocrx_word' id='word_1_198' title='bbox 838 2689 848 2721; x_wconf 93' lang='lat'><strong>,</strong></span> <span class='ocrx_word' id='word_1_199' title='bbox 870 2659 920 2710; x_wconf 86' lang='lat' dir='ltr'><strong>ut</strong></span> <span class='ocrx_word' id='word_1_200' title='bbox 946 2649 1001 2730; x_wconf 87' lang='lat' dir='ltr'><strong>qui</strong></span> <span class='ocrx_word' id='word_1_201' title='bbox 1022 2651 1119 2730; x_wconf 88' lang='lat' dir='ltr'><strong>probe</strong></span> <span class='ocrx_word' id='word_1_202' title='bbox 1140 2648 1220 2710; x_wconf 87' lang='lat' dir='ltr'><strong>velit</strong></span> <span class='ocrx_word' id='word_1_203' title='bbox 1240 2647 1338 2711; x_wconf 78' lang='lat' dir='ltr'><strong>vitem</strong></span> 
     </span>
     <span class='ocr_line' id='line_1_25' title="bbox 202 2744 1337 2829; baseline 0.005 -27"><span class='ocrx_word' id='word_1_204' title='bbox 202 2744 382 2821; x_wconf 84' lang='lat' dir='ltr'><strong>instituere,</strong></span> <span class='ocrx_word' id='word_1_205' title='bbox 411 2749 554 2827; x_wconf 80' lang='lat' dir='ltr'><strong>protinus</strong></span> <span class='ocrx_word' id='word_1_206' title='bbox 575 2747 728 2820; x_wconf 80' lang='lat' dir='ltr'><strong>eviratus,</strong></span> <span class='ocrx_word' id='word_1_207' title='bbox 770 2768 806 2807; x_wconf 86' lang='lat' dir='ltr'><strong>sc</strong></span> <span class='ocrx_word' id='word_1_208' title='bbox 826 2767 937 2829; x_wconf 84' lang='lat' dir='ltr'><strong>parum</strong></span> <span class='ocrx_word' id='word_1_209' title='bbox 958 2749 1010 2810; x_wconf 85' lang='lat' dir='ltr'><strong>r-ir</strong></span> <span class='ocrx_word' id='word_1_210' title='bbox 1030 2750 1158 2810; x_wconf 86' lang='lat' dir='ltr'><strong>dicatur.</strong></span> <span class='ocrx_word' id='word_1_211' title='bbox 1241 2754 1337 2810; x_wconf 86' lang='lat' dir='ltr'><strong>Mem.</strong></span> 
     </span>
     <span class='ocr_line' id='line_1_26' title="bbox 199 2843 1339 2930; baseline 0.004 -28"><span class='ocrx_word' id='word_1_212' title='bbox 199 2843 678 2910; x_wconf 53' lang='lat' dir='ltr'><strong>reruntucsrmn100minum</strong></span> <span class='ocrx_word' id='word_1_213' title='bbox 727 2847 905 2910; x_wconf 83' lang='lat' dir='ltr'><strong>altissimam</strong></span> <span class='ocrx_word' id='word_1_214' title='bbox 953 2860 1165 2930; x_wconf 77' lang='lat' dir='ltr'><strong>paupertatem</strong></span> <span class='ocrx_word' id='word_1_215' title='bbox 1215 2849 1339 2910; x_wconf 87' lang='lat' dir='ltr'><strong>docuis-</strong></span> 
     </span>
     <span class='ocr_line' id='line_1_27' title="bbox 202 2945 1340 3030; baseline 0.006 -30"><span class='ocrx_word' id='word_1_216' title='bbox 202 2961 253 3014; x_wconf 86' lang='lat' dir='ltr'><strong>se,</strong></span> <span class='ocrx_word' id='word_1_217' title='bbox 287 2945 559 3009; x_wconf 74' lang='lat' dir='ltr'><strong>concursandum.</strong></span> <span class='ocrx_word' id='word_1_218' title='bbox 581 2945 643 3006; x_wconf 84' lang='lat' dir='ltr'><strong>hoc</strong></span> <span class='ocrx_word' id='word_1_219' title='bbox 673 2949 848 3023; x_wconf 85' lang='lat' dir='ltr'><strong>saeculum,</strong></span> <span class='ocrx_word' id='word_1_220' title='bbox 896 2949 1055 3030; x_wconf 86' lang='lat' dir='ltr'><strong>despicere</strong></span> <span class='ocrx_word' id='word_1_221' title='bbox 1088 2949 1189 3010; x_wconf 88' lang='lat' dir='ltr'><strong>inanis</strong></span> <span class='ocrx_word' id='word_1_222' title='bbox 1221 2949 1340 3030; x_wconf 79' lang='lat' dir='ltr'><strong>gloriae</strong></span> 
     </span>
     <span class='ocr_line' id='line_1_28' title="bbox 202 3040 1341 3129; baseline 0.007 -30"><span class='ocrx_word' id='word_1_223' title='bbox 202 3040 317 3116; x_wconf 83' lang='lat' dir='ltr'><strong>flabra,</strong></span> <span class='ocrx_word' id='word_1_224' title='bbox 357 3045 453 3106; x_wconf 87' lang='lat' dir='ltr'><strong>nullis</strong></span> <span class='ocrx_word' id='word_1_225' title='bbox 475 3045 725 3126; x_wconf 83' lang='lat' dir='ltr'><strong>occupationibus</strong></span> <span class='ocrx_word' id='word_1_226' title='bbox 746 3049 840 3129; x_wconf 85' lang='lat' dir='ltr'><strong>hujus</strong></span> <span class='ocrx_word' id='word_1_227' title='bbox 862 3051 971 3110; x_wconf 85' lang='lat' dir='ltr'><strong>muudi</strong></span> <span class='ocrx_word' id='word_1_228' title='bbox 992 3047 1148 3129; x_wconf 86' lang='lat' dir='ltr'><strong>impediri.</strong></span> <span class='ocrx_word' id='word_1_229' title='bbox 1210 3051 1250 3109; x_wconf 93' lang='lat' dir='ltr'><strong>Iu</strong></span> <span class='ocrx_word' id='word_1_230' title='bbox 1271 3061 1341 3108; x_wconf 80' lang='lat' dir='ltr'><strong>mo·-</strong></span> 
     </span>
     <span class='ocr_line' id='line_1_29' title="bbox 199 3143 1340 3229; baseline 0 -23"><span class='ocrx_word' id='word_1_231' title='bbox 199 3153 309 3206; x_wconf 76' lang='lat' dir='ltr'><strong>mento</strong></span> <span class='ocrx_word' id='word_1_232' title='bbox 343 3143 429 3207; x_wconf 86' lang='lat' dir='ltr'><strong>enim</strong></span> <span class='ocrx_word' id='word_1_233' title='bbox 462 3156 573 3206; x_wconf 85' lang='lat' dir='ltr'><strong>cuncta</strong></span> <span class='ocrx_word' id='word_1_234' title='bbox 605 3145 684 3208; x_wconf 85' lang='lat' dir='ltr'><strong>haec</strong></span> <span class='ocrx_word' id='word_1_235' title='bbox 713 3149 910 3229; x_wconf 84' lang='lat' dir='ltr'><strong>praeterire,</strong></span> <span class='ocrx_word' id='word_1_236' title='bbox 965 3159 997 3210; x_wconf 90' lang='lat' dir='ltr'><strong>et</strong></span> <span class='ocrx_word' id='word_1_237' title='bbox 1026 3169 1116 3229; x_wconf 83' lang='lat' dir='ltr'><strong>saepe</strong></span> <span class='ocrx_word' id='word_1_238' title='bbox 1143 3149 1238 3210; x_wconf 76' lang='lat' dir='ltr'><strong>edam</strong></span> <span class='ocrx_word' id='word_1_239' title='bbox 1272 3149 1340 3207; x_wconf 79' lang='lat' dir='ltr'><strong>abi-</strong></span> 
     </span>
     <span class='ocr_line' id='line_1_30' title="bbox 205 3233 1340 3327; baseline 0.004 -25"><span class='ocrx_word' id='word_1_240' title='bbox 205 3261 242 3302; x_wconf 88' lang='lat' dir='ltr'><strong>re</strong></span> <span class='ocrx_word' id='word_1_241' title='bbox 283 3233 466 3324; x_wconf 81' lang='lat' dir='ltr'><strong>autequam.</strong></span> <span class='ocrx_word' id='word_1_242' title='bbox 495 3248 661 3308; x_wconf 80' lang='lat' dir='ltr'><strong>venerint.-</strong></span> <span class='ocrx_word' id='word_1_243' title='bbox 729 3249 819 3309; x_wconf 82' lang='lat' dir='ltr'><strong>Nutu</strong></span> <span class='ocrx_word' id='word_1_244' title='bbox 864 3249 910 3310; x_wconf 85' lang='lat' dir='ltr'><strong>ito</strong></span> <span class='ocrx_word' id='word_1_245' title='bbox 947 3269 999 3310; x_wconf 89' lang='lat' dir='ltr'><strong>res</strong></span> <span class='ocrx_word' id='word_1_246' title='bbox 1040 3250 1133 3310; x_wconf 86' lang='lat' dir='ltr'><strong>habet</strong></span> <span class='ocrx_word' id='word_1_247' title='bbox 1147 3249 1183 3316; x_wconf 73' lang='grc' dir='ltr'><strong>ἲ,</strong></span> <span class='ocrx_word' id='word_1_248' title='bbox 1225 3253 1340 3327; x_wconf 78' lang='lat' dir='ltr'><strong>.Pasq.</strong></span> 
     </span>
    </p>

    <p class='ocr_par' dir='ltr' id='par_1_4' title="bbox 200 3343 1345 4330">
     <span class='ocr_line' id='line_1_31' title="bbox 203 3343 1339 3438; baseline 0 -32"><span class='ocrx_word' id='word_1_249' title='bbox 203 3343 250 3406; x_wconf 83' lang='lat' dir='ltr'><strong>Ita</strong></span> <span class='ocrx_word' id='word_1_250' title='bbox 272 3351 326 3408; x_wconf 79' lang='lat' dir='ltr'><strong>uu</strong></span> <span class='ocrx_word' id='word_1_251' title='bbox 384 3343 447 3406; x_wconf 88' lang='lat' dir='ltr'><strong>Sed</strong></span> <span class='ocrx_word' id='word_1_252' title='bbox 472 3343 550 3406; x_wconf 83' lang='lat' dir='ltr'><strong>baec</strong></span> <span class='ocrx_word' id='word_1_253' title='bbox 569 3347 620 3406; x_wconf 92' lang='lat' dir='ltr'><strong>illi</strong></span> <span class='ocrx_word' id='word_1_254' title='bbox 638 3346 674 3407; x_wconf 92' lang='lat' dir='ltr'><strong>in</strong></span> <span class='ocrx_word' id='word_1_255' title='bbox 693 3349 863 3438; x_wconf 51' lang='lat' dir='ltr'><strong>¹monachos</strong></span> <span class='ocrx_word' id='word_1_256' title='bbox 882 3349 1044 3431; x_wconf 81' lang='lat' dir='ltr'><strong>rejiciunt:</strong></span> <span class='ocrx_word' id='word_1_257' title='bbox 1098 3347 1246 3410; x_wconf 81' lang='lat' dir='ltr'><strong>monachi</strong></span> <span class='ocrx_word' id='word_1_258' title='bbox 1266 3369 1339 3412; x_wconf 81' lang='lat' dir='ltr'><strong>rar-</strong></span> 
     </span>
     <span class='ocr_line' id='line_1_32' title="bbox 204 3444 1341 3528; baseline 0.005 -27"><span class='ocrx_word' id='word_1_259' title='bbox 204 3461 291 3522; x_wconf 87' lang='lat' dir='ltr'><strong>sum,</strong></span> <span class='ocrx_word' id='word_1_260' title='bbox 320 3461 429 3522; x_wconf 68' lang='lat' dir='ltr'><strong>quum</strong></span> <span class='ocrx_word' id='word_1_261' title='bbox 443 3444 511 3528; x_wconf 79' lang='lat' dir='ltr'><strong>sint</strong></span> <span class='ocrx_word' id='word_1_262' title='bbox 526 3447 751 3527; x_wconf 83' lang='lat' dir='ltr'><strong>opulentissimi</strong></span> <span class='ocrx_word' id='word_1_263' title='bbox 779 3459 822 3510; x_wconf 79' lang='lat' dir='ltr'><strong>et·</strong></span> <span class='ocrx_word' id='word_1_264' title='bbox 835 3451 941 3526; x_wconf 75' lang='lat' dir='ltr'><strong>aran,</strong></span> <span class='ocrx_word' id='word_1_265' title='bbox 989 3451 1024 3510; x_wconf 88' lang='lat' dir='ltr'><strong>in</strong></span> <span class='ocrx_word' id='word_1_266' title='bbox 1057 3449 1248 3524; x_wconf 79' lang='lat' dir='ltr'><strong>sacerdotes,</strong></span> <span class='ocrx_word' id='word_1_267' title='bbox 1294 3457 1341 3508; x_wconf 86' lang='lat' dir='ltr'><strong>at-</strong></span> 
     </span>
     <span class='ocr_line' id='line_1_33' title="bbox 200 3542 1343 3632; baseline 0.003 -30"><span class='ocrx_word' id='word_1_268' title='bbox 200 3561 267 3622; x_wconf 81' lang='lat' dir='ltr'><strong>que</strong></span> <span class='ocrx_word' id='word_1_269' title='bbox 297 3542 342 3604; x_wconf 87' lang='lat' dir='ltr'><strong>itu</strong></span> <span class='ocrx_word' id='word_1_270' title='bbox 360 3551 525 3625; x_wconf 75' lang='lat' dir='ltr'><strong>&#39;perpetus</strong></span> <span class='ocrx_word' id='word_1_271' title='bbox 555 3547 707 3626; x_wconf 82' lang='lat' dir='ltr'><strong>quaedam</strong></span> <span class='ocrx_word' id='word_1_272' title='bbox 737 3547 781 3608; x_wconf 88' lang='lat' dir='ltr'><strong>lis</strong></span> <span class='ocrx_word' id='word_1_273' title='bbox 812 3558 868 3610; x_wconf 81' lang='lat' dir='ltr'><strong>esc</strong></span> <span class='ocrx_word' id='word_1_274' title='bbox 955 3551 1007 3611; x_wconf 95' lang='lat' dir='ltr'><strong>De</strong></span> <span class='ocrx_word' id='word_1_275' title='bbox 1035 3569 1100 3632; x_wconf 81' lang='lat' dir='ltr'><strong>quo</strong></span> <span class='ocrx_word' id='word_1_276' title='bbox 1126 3549 1204 3610; x_wconf 87' lang='lat' dir='ltr'><strong>haec</strong></span> <span class='ocrx_word' id='word_1_277' title='bbox 1225 3547 1343 3620; x_wconf 82' lang='lat' dir='ltr'><strong>dixerit</strong></span> 
     </span>
     <span class='ocr_line' id='line_1_34' title="bbox 206 3643 1345 3734; baseline 0.004 -32"><span class='ocrx_word' id='word_1_278' title='bbox 206 3643 371 3704; x_wconf 61' lang='lat' dir='ltr'><strong>Christus?</strong></span> <span class='ocrx_word' id='word_1_279' title='bbox 397 3644 497 3706; x_wconf 71' lang='lat' dir='ltr'><strong>:Num</strong></span> <span class='ocrx_word' id='word_1_280' title='bbox 517 3648 760 3708; x_wconf 76' lang='lat' dir='ltr'><strong>contemnendae</strong></span> <span class='ocrx_word' id='word_1_281' title='bbox 779 3648 923 3728; x_wconf 82' lang='lat' dir='ltr'><strong>divitiae,</strong></span> <span class='ocrx_word' id='word_1_282' title='bbox 956 3660 1218 3734; x_wconf 34' lang='lat' dir='ltr'><strong>quaeetsntopere</strong></span> <span class='ocrx_word' id='word_1_283' title='bbox 1237 3649 1345 3706; x_wconf 84' lang='lat' dir='ltr'><strong>oblec-</strong></span> 
     </span>
     <span class='ocr_line' id='line_1_35' title="bbox 206 3742 1343 3830; baseline 0.005 -28"><span class='ocrx_word' id='word_1_284' title='bbox 206 3749 273 3803; x_wconf 89' lang='lat' dir='ltr'><strong>ta&#39;ut</strong></span> <span class='ocrx_word' id='word_1_285' title='bbox 292 3742 470 3806; x_wconf 76' lang='lat' dir='ltr'><strong>habentesl.</strong></span> <span class='ocrx_word' id='word_1_286' title='bbox 503 3745 590 3806; x_wconf 89' lang='lat' dir='ltr'><strong>Num</strong></span> <span class='ocrx_word' id='word_1_287' title='bbox 617 3746 709 3808; x_wconf 85' lang='lat' dir='ltr'><strong>liceat</strong></span> <span class='ocrx_word' id='word_1_288' title='bbox 732 3749 879 3810; x_wconf 81' lang='lat' dir='ltr'><strong>ecclesiae</strong></span> <span class='ocrx_word' id='word_1_289' title='bbox 898 3749 1024 3830; x_wconf 85' lang='lat' dir='ltr'><strong>jamjam</strong></span> <span class='ocrx_word' id='word_1_290' title='bbox 1044 3750 1172 3824; x_wconf 84' lang='lat' dir='ltr'><strong>ditatae,</strong></span> <span class='ocrx_word' id='word_1_291' title='bbox 1213 3747 1343 3808; x_wconf 80' lang='lat' dir='ltr'><strong>liberius</strong></span> 
     </span>
     <span class='ocr_line' id='line_1_36' title="bbox 208 3844 1343 3930; baseline 0.004 -29"><span class='ocrx_word' id='word_1_292' title='bbox 208 3863 299 3922; x_wconf 82' lang='lat' dir='ltr'><strong>agere</strong></span> <span class='ocrx_word' id='word_1_293' title='bbox 318 3851 390 3905; x_wconf 82' lang='lat' dir='ltr'><strong>&#39;cusu</strong></span> <span class='ocrx_word' id='word_1_294' title='bbox 407 3844 601 3924; x_wconf 78' lang='lat' dir='ltr'><strong>patrimonio</strong></span> <span class='ocrx_word' id='word_1_295' title='bbox 616 3846 752 3923; x_wconf 79' lang='lat' dir='ltr'><strong>Christi,</strong></span> <span class='ocrx_word' id='word_1_296' title='bbox 774 3869 868 3929; x_wconf 80' lang='lat' dir='ltr'><strong>quam</strong></span> <span class='ocrx_word' id='word_1_297' title='bbox 881 3851 1004 3910; x_wconf 78' lang='lat' dir='ltr'><strong>-exauis</strong></span> <span class='ocrx_word' id='word_1_298' title='bbox 1025 3852 1102 3910; x_wconf 88' lang='lat' dir='ltr'><strong>olim</strong></span> <span class='ocrx_word' id='word_1_299' title='bbox 1124 3845 1343 3930; x_wconf 77' lang='lat' dir='ltr'><strong>temporibus?</strong></span> 
     </span>
     <span class='ocr_line' id='line_1_37' title="bbox 208 3943 1344 4028; baseline 0.012 -27"><span class='ocrx_word' id='word_1_300' title='bbox 208 3943 349 4004; x_wconf 87' lang='lat' dir='ltr'><strong>Tandem</strong></span> <span class='ocrx_word' id='word_1_301' title='bbox 381 3943 420 4004; x_wconf 85' lang='lat' dir='ltr'><strong>de</strong></span> <span class='ocrx_word' id='word_1_302' title='bbox 452 3947 652 4026; x_wconf 78' lang='lat' dir='ltr'><strong>pauperculis</strong></span> <span class='ocrx_word' id='word_1_303' title='bbox 678 3948 834 4028; x_wconf 87' lang='lat' dir='ltr'><strong>Apostolis</strong></span> <span class='ocrx_word' id='word_1_304' title='bbox 848 3948 920 4012; x_wconf 56' lang='lat' dir='ltr'><strong>,laco</strong></span> <span class='ocrx_word' id='word_1_305' title='bbox 953 3969 1018 4010; x_wconf 89' lang='lat' dir='ltr'><strong>esse</strong></span> <span class='ocrx_word' id='word_1_306' title='bbox 1044 3949 1160 4019; x_wconf 77' lang='lat' dir='ltr'><strong>(lictum</strong></span> <span class='ocrx_word' id='word_1_307' title='bbox 1183 3949 1344 4014; x_wconf 66' lang='lat' dir='ltr'><strong>inferunt,</strong></span> 
     </span>
     <span class='ocr_line' id='line_1_38' title="bbox 209 4041 1343 4130; baseline 0.006 -32"><span class='ocrx_word' id='word_1_308' title='bbox 209 4061 271 4098; x_wconf 92' lang='lat' dir='ltr'><strong>non</strong></span> <span class='ocrx_word' id='word_1_309' title='bbox 293 4041 393 4120; x_wconf 82' lang='lat' dir='ltr'><strong>hujus</strong></span> <span class='ocrx_word' id='word_1_310' title='bbox 406 4043 477 4104; x_wconf 82' lang='lat' dir='ltr'><strong>aeni</strong></span> <span class='ocrx_word' id='word_1_311' title='bbox 496 4046 678 4106; x_wconf 82' lang='lat' dir='ltr'><strong>reverendis</strong></span> <span class='ocrx_word' id='word_1_312' title='bbox 697 4049 845 4130; x_wconf 77' lang='lat' dir='ltr'><strong>patribus.</strong></span> <span class='ocrx_word' id='word_1_313' title='bbox 886 4051 997 4110; x_wconf 78' lang='lat' dir='ltr'><strong>Mem.</strong></span> <span class='ocrx_word' id='word_1_314' title='bbox 1018 4049 1189 4112; x_wconf 76' lang='lat' dir='ltr'><strong>Effulusiaa</strong></span> <span class='ocrx_word' id='word_1_315' title='bbox 1206 4047 1343 4128; x_wconf 78' lang='lat' dir='ltr'><strong>Jupiter!</strong></span> 
     </span>
     <span class='ocr_line' id='line_1_39' title="bbox 210 4143 1343 4228; baseline 0.008 -33"><span class='ocrx_word' id='word_1_316' title='bbox 210 4144 322 4200; x_wconf 84' lang='lat' dir='ltr'><strong>exure!</strong></span> <span class='ocrx_word' id='word_1_317' title='bbox 357 4143 534 4218; x_wconf 81' lang='lat' dir='ltr'><strong>commissus</strong></span> <span class='ocrx_word' id='word_1_318' title='bbox 559 4144 593 4206; x_wconf 89' lang='lat' dir='ltr'><strong>in</strong></span> <span class='ocrx_word' id='word_1_319' title='bbox 612 4146 809 4219; x_wconf 83' lang='lat' dir='ltr'><strong>barathrum,</strong></span> <span class='ocrx_word' id='word_1_320' title='bbox 833 4149 878 4208; x_wconf 80' lang='lat' dir='ltr'><strong>in.</strong></span> <span class='ocrx_word' id='word_1_321' title='bbox 892 4150 1075 4222; x_wconf 83' lang='lat' dir='ltr'><strong>Tartarum,</strong></span> <span class='ocrx_word' id='word_1_322' title='bbox 1109 4150 1157 4209; x_wconf 88' lang='lat' dir='ltr'><strong>uti</strong></span> <span class='ocrx_word' id='word_1_323' title='bbox 1179 4147 1343 4228; x_wconf 76' lang='lat' dir='ltr'><strong>Gigantes!</strong></span> 
     </span>
     <span class='ocr_line' id='line_1_40' title="bbox 212 4237 1344 4330; baseline 0.014 -42"><span class='ocrx_word' id='word_1_324' title='bbox 212 4237 331 4314; x_wconf 42' lang='lat' dir='ltr'><strong>stlersip.</strong></span> <span class='ocrx_word' id='word_1_325' title='bbox 370 4239 460 4302; x_wconf 87' lang='lat' dir='ltr'><strong>Boua-</strong></span> <span class='ocrx_word' id='word_1_326' title='bbox 474 4243 587 4319; x_wconf 78' lang='lat' dir='ltr'><strong>verba,</strong></span> <span class='ocrx_word' id='word_1_327' title='bbox 620 4247 742 4321; x_wconf 88' lang='lat' dir='ltr'><strong>Mome,</strong></span> <span class='ocrx_word' id='word_1_328' title='bbox 775 4267 817 4308; x_wconf 82' lang='lat' dir='ltr'><strong>ue</strong></span> <span class='ocrx_word' id='word_1_329' title='bbox 843 4249 912 4330; x_wconf 83' lang='lat' dir='ltr'><strong>quis</strong></span> <span class='ocrx_word' id='word_1_330' title='bbox 932 4248 1016 4310; x_wconf 81' lang='lat' dir='ltr'><strong>furta</strong></span> <span class='ocrx_word' id='word_1_331' title='bbox 1036 4248 1136 4310; x_wconf 83' lang='lat' dir='ltr'><strong>latitet</strong></span> <span class='ocrx_word' id='word_1_332' title='bbox 1156 4243 1344 4326; x_wconf 74' lang='lat' dir='ltr'><strong>Corynaeus,</strong></span> 
     </span>
    </p>
   </div>
   <div class='ocr_carea' id='block_1_3' title="bbox 0 0 1457 4724">
    <p class='ocr_par' dir='ltr' id='par_1_5' title="bbox 0 0 1457 4724">
     <span class='ocr_line' id='line_1_41' title="bbox 0 0 1457 4724; baseline 0 0"><span class='ocrx_word' id='word_1_333' title='bbox 0 0 1457 4724; x_wconf 95' lang='lat' dir='ltr'><strong> </strong></span> 
     </span>
    </p>
   </div>
  </div>
 </body>
</html>
