2840 4718
974 185 981 225 l

203 322 269 394 450
521 323 701 389 JULlUS
734 312 1018 396 ‹EXCLUSUsa

206 471 560 546 ratissimumtitnlum
591 491 777 564 acceperuut
791 480 932 558 anobis,
953 491 998 559 ut,
1019 501 1085 564 quo
1103 481 1256 565 majorem
1276 479 1337 544 cla-

208 585 280 646 dem
304 581 462 642 inferrent
495 583 613 664 populo
647 582 834 658 christiano,
863 583 924 642 hoc
953 581 1130 663 religiosius
1158 583 1338 645 viderentur

208 682 368 744 cadesim
389 681 452 740 Dei
469 692 640 762 protegere.
689 682 792 764 Atque
810 682 857 743 nti
879 681 975 763 mapa
994 683 1159 744 admireris
1179 682 1234 744 vel
1254 681 1340 759 iuge·

207 784 298 845 nium
323 799 429 841 mcum
457 782 510 844 vel
537 779 735 851 felicitatem,
769 782 1009 863 belligerabatur
1039 781 1074 841 id
1103 781 1254 862 temporis
1283 780 1341 838 Hi-

178 883 334 966 ⁴spaniae
353 899 412 942 rex
432 899 505 941 cum
526 881 654 955 Tuscis,
676 881 855 942 incredibili
884 901 992 942 rerum
1019 899 1160 942 successu
1187 878 1341 939 maximo-

206 1001 270 1065 que
288 1001 345 1042 suo
363 989 506 1061 quaestu:
542 990 710 1056 ettamen,
737 981 801 1040 illis
820 981 964 1041 omnibus
984 981 1121 1057 omissis,
1155 980 1192 1040 in
1214 979 1341 1038 Gallum

206 1081 369 1145 universas
390 1079 473 1142 vires
493 1081 655 1142 convertit.
715 1081 764 1142 Ad
785 1081 862 1140 haec
883 1083 1057 1162 Imperator
1076 1100 1142 1141 nou
1161 1078 1342 1140 foederibus

207 1181 302 1244 modo
329 1178 451 1255 multis,
491 1179 722 1250 verumetiam
751 1181 909 1253 beneficiis
936 1192 968 1240 et
990 1180 1150 1241 immensis
1180 1177 1346 1238 deuectos

208 1292 275 1344 erat
294 1279 411 1354 Gallis,
447 1279 501 1342 vel
519 1278 580 1340 hoc
598 1279 742 1353 nomine,
781 1277 866 1360 quod
890 1277 1006 1341 horum
1023 1262 1161 1361 ‘sumptu
1186 1295 1342 1360 opereque

208 1401 279 1444 suas
300 1380 337 1440 in
357 1378 449 1439 Italia
468 1378 607 1440 civitates
627 1379 800 1460 recepisset.
860 1379 901 1440 Et
920 1380 974 1440 hic
999 1389 1081 1454 eret,
1116 1379 1200 1458 qued
1229 1385 1339 1458 agerets

206 1499 321 1560 nempe
340 1487 377 1539 ut
394 1496 451 1538 sua
471 1487 620 1539 tueretur.
659 1480 726 1539 lam
746 1477 831 1540 enim
850 1479 1013 1540 Patavium
1034 1477 1223 1551 desciverat,
1258 1485 1290 1536 et
1308 1478 1340 1533 in

206 1577 409 1660 Burgoudias
424 1595 538 1658 nempe
556 1587 593 1638 nt
612 1577 756 1648 Geldrics
776 1573 878 1644 hostes
898 1579 1094 1660 gravissimos
1106 1577 1156 1656 (in
1171 1595 1252 1656 qnos
1268 1572 1340 1636 belli

206 1677 397 1760 suscipiendi
417 1676 522 1738 fuerat
540 1677 645 1755 autor)
667 1697 687 1737 a
706 1688 819 1759 nepote
839 1697 896 1737 suo
916 1679 1175 1758 Burgundionum
1193 1674 1339 1753 Principe

208 1777 386 1858 depelleret.
448 1776 489 1836 Et
507 1775 552 1835 sic
574 1776 652 1852 leci,
689 1789 726 1838 ut
744 1777 807 1838 suis
834 1777 955 1837 omissis
973 1799 1079 1839 meum
1099 1784 1227 1858 agerent
1246 1793 1340 1852 nego·

176 1859 182 1878 ’
207 1878 298 1938 tium.
352 1877 437 1936 Tum
457 1875 545 1936 nulls
564 1895 643 1957 gaus
659 1887 717 1950 est,
756 1877 839 1954 apud
865 1896 959 1957 quam
981 1877 1086 1938 minus
1105 1877 1209 1938 valeat
1227 1876 1338 1936 summi

207 1973 367 2038 Pontificis
387 1975 552 2046 autoritas,
575 1955 667 2056 quam
690 1976 861 2056 Anglcrum
888 1975 945 2055 (id
973 1979 1057 2058 quod
1075 1976 1221 2058 protinus
1241 1974 1339 2054 lique-

208 2076 273 2148 bit,
293 2072 410 2153 siquis
435 2073 502 2134 divi
524 2072 663 2135 Thomas
684 2074 913 2136 cantuariensis
934 2077 1080 2158 Episcopi
1101 2075 1198 2136 vitam
1225 2092 1263 2132 ao
1285 2091 1336 2132 ve·

207 2173 438 2250 terumRegum
459 2173 692 2234 constitutiones
712 2175 889 2262 evolverit),
911 2186 943 2236 et
963 2177 1008 2237 sic
1020 2197 1094 2258 gens
1108 2173 1229 2254 alioqui
1250 2191 1338 2232 erac-

206 2275 330 2336 ticnum
348 2272 612 2353 impatientissima
635 2273 726 2354 'passa
760 2287 805 2335 est
824 2277 1050 2357 propemodum
1067 2295 1100 2336 se
1120 2273 1258 2356 deglubi.
1277 2269 1338 2332 Mi-

207 2382 418 2447 remantem,
456 2372 532 2453 quin
558 2375 730 2434 sacerdotes
756 2393 896 2457 quoque,
921 2378 975 2456 qui
994 2377 1085 2440 nobis
1105 2379 1336 2444 consueverant,

207 2472 356 2555 quicquid
366 2485 505 2552 possunt,
520 2474 716 2548 subtrahere,
736 2475 775 2535 iis
790 2477 987 2556 quantumvis
995 2479 1123 2538 mulctas
1143 2471 1337 2536 admiserint:

205 2573 292 2634 haud
311 2572 548 2654 perpendentes,
579 2573 751 2654 cujusmodi
779 2576 946 2637 fenestram
965 2579 1103 2660 Regibus
1127 2575 1162 2635 in
1182 2585 1337 2656 posterum

205 2674 395 2756 aperuerint.
457 2674 643 2753 Quanquam
672 2695 730 2734 nec
755 2675 816 2756 ipsi
843 2695 929 2757 reges
950 2679 1022 2740 satis
1043 2673 1336 2744 animadvertebant,

205 2772 290 2852 quod
311 2773 489 2852 exemplum
507 2773 690 2835 induxerint
713 2775 860 2837 adversus
886 2777 1033 2860 seipsos.
1094 2773 1222 2855 Nempe
1243 2781 1279 2832 ut
1296 2771 1335 2830 li-

206 2881 274 2932 ceat
293 2882 400 2952 postea
418 2872 558 2934 Romano
580 2875 709 2934 Sacrifio
729 2896 825 2958 regno
843 2895 985 2952 movere,
1014 2899 1106 2958 quem
1123 2875 1226 2936 oderit
1245 2871 1335 2933 Prin-
1408 2873 1409 2876 ’

205 2971 315 3051 cipem.
376 2971 417 3032 Et
443 2973 515 3034 Rex
540 2973 715 3034 adolescens
735 2976 846 3056 majori
876 2978 967 3037 etiam
988 2989 1075 3039 motu
1093 2995 1162 3038 rcm
1182 2989 1333 3054 aggressae

205 3079 268 3143 est,
304 3091 395 3150 quam
415 3073 557 3134 volebam
576 3083 639 3132 aaut
659 3093 750 3153 quam
769 3076 930 3154 jusseram:
953 3079 1071 3139 tametsi
1097 3075 1267 3146 malebam,
1298 3071 1331 3128 in

203 3169 286 3230 hauc
306 3170 429 3256 peccari
447 3181 574 3252 partem.
614 3174 681 3232 Jam
700 3195 775 3235 vero
796 3177 923 3257 longum
944 3179 1051 3252 fuerit,
1073 3176 1230 3258 explicare
1249 3168 1330 3250 sigil-

203 3267 313 3345 latim,
355 3271 466 3351 quibus
492 3275 608 3334 artibus
636 3293 688 3334 eos
709 3274 870 3356 Principes
897 3279 937 3338 ad
957 3288 1020 3338 tam
1040 3275 1252 3358 periculosum
1269 3265 1331 3328 bel·
1406 3319 1407 3328 ,

203 3369 271 3430 lum
299 3371 461 3432 excitarim
491 3373 527 3432 in
555 3373 761 3448 Christianos,
803 3393 880 3454 quos
906 3378 1012 3438 nullus
1032 3393 1170 3454 uuquam
1187 3369 1330 3434 Pontifex

192 3459 257 3530 vtel
277 3469 312 3528 in
334 3473 453 3531 Tuscus
471 3473 758 3566 potuigexciure„
797 3478 869 3535 Pet.
896 3479 938 3538 At
956 3475 1026 3535 fieri
1045 3485 1161 3556 potest,
1182 3459 1220 3532 ut
1239 3467 1330 3530 bello-

203 3569 278 3629 rum'
295 3568 476 3631 incendium
495 3591 553 3652 per
576 3585 608 3632 te
633 3575 812 3634 suscitatum
833 3575 1013 3637 universum
1032 3575 1167 3654 denique
1186 3569 1329 3630 mundum

94 3691 97 3696 ·
204 3667 362 3748 corripiat.
403 3673 467 3731 Iul.
489 3672 645 3753 Corripiat
663 3693 752 3749 sane,
780 3675 871 3736 modo
890 3677 1029 3735 Romana
1048 3673 1134 3734 sedes
1156 3672 1329 3754 dignitatem
1404 3735 1405 3740 ,

203 3777 236 3826 et
254 3771 458 3846 possessiones
468 3781 592 3833 tueatur
602 3793 680 3832 suas.
721 3775 856 3836 Tametsi
878 3785 1004 3835 conatus
1024 3794 1092 3834 sum
1113 3793 1240 3832 omnem
1259 3767 1328 3831 belli
1404 3757 1405 3843 i

203 3867 317 3927 molem
336 3867 375 3940 ab
395 3870 485 3931 Italia
503 3871 538 3932 in
559 3873 705 3934 barbaros
725 3874 873 3954 rejicere3
893 3875 1042 3934 dimicent
1053 3875 1113 3948 illi,
1133 3868 1328 3953 quantumli-
1403 3951 1404 3956 ἵ

202 3966 269 4039 bet,
291 3985 348 4026 nos
366 3971 569 4048 spectabimus
590 3981 622 4033 et
643 3972 778 4034 fortassis
799 3975 927 4038 illorum
948 3974 1092 4034 fruemur
1110 3973 1241 4033 insania.
1265 3963 1329 4033 Pet.

202 4065 344 4128 Pertinet
363 4067 424 4128 h'oo
444 4070 483 4130 ad
503 4089 570 4131 rem
593 4081 625 4132 et
643 4083 762 4153 patrem
782 4075 1004 4135 sanctissimum
1039 4086 1071 4132 et
1102 4071 1220 4133 Christi
1247 4071 1328 4134 vica-

203 4163 307 4227 rium?
368 4169 432 4226 Iul.
445 4170 511 4252 Cui·
530 4171 666 4231 excitant
685 4173 840 4235 schisma?
900 4178 972 4236 Pet.
993 4173 1091 4254 Atqui
1112 4184 1237 4254 peccata
1255 4191 1328 4230 ncn-

203 4274 361 4341 Plffl‘luam
382 4265 511 4330 ferenda
529 4283 617 4339 sunt,
649 4271 677 4332 ti
696 4273 767 4353 plus
788 4278 940 4338 malcrum
960 4274 1119 4335 e'medela.
1162 4273 1285 4334 Deinde
1303 4269 1325 4328 si
