2896 4716
331 438 338 460 Ι
401 350 668 413 assoon
718 349 946 414 v1uou
1176 343 1239 411 me
1318 321 1372 419 ’.

100 511 222 572 vellent
253 509 284 568 ei
313 508 348 568 in
372 507 441 568 aliis
463 495 670 588 domplaoere,
707 507 765 569 'sed
785 507 971 590 in‘negotio'
984 503 1058 566 fidei
1082 503 1239 580 timerent,

100 633 142 670 ne
163 611 315 693 Magister
335 618 439 668 noster
460 610 587 668 Jacobus
606 607 779 686 inquireret
800 629 851 667 eos
872 609 910 668 ad
930 608 1043 688 ignem.
1104 609 1175 667 Istic
1195 607 1239 665 sic

100 710 255 771 stantibus
275 708 362 770 venit
388 707 442 766 ille
464 708 583 767 Dootor
605 707 672 785 (sic
690 715 735 766 est
759 707 893 787 dignus)
918 710 1050 768 Ioannes
1072 706 1110 766 de
1129 707 1238 779 Wick,

101 820 133 869 et
154 809 237 868 dixit
257 808 296 868 ad
315 807 460 868 iacobum
481 807 520 866 de
542 807 771 886 Questenberg:
812 810 876 888 Ego
897 828 965 866 eum
980 817 1103 886 paratus
1124 805 1240 865 offerre

102 928 153 967 me
174 915 283 967 contra
303 907 443 966 furorem
465 905 551 965 illius
572 906 728 966 Monachi.
791 909 881 968 Tunc
898 907 1045 987 Magister
1064 914 1170 964 noster
1186 907 1239 964 Ja-

101 1008 197 1067 cobus
217 1019 324 1086 aperte
344 1005 475 1065 minavit
496 1006 541 1080 ei,
564 1005 683 1067 diceus:
703 1006 768 1086 Ego
789 1008 861 1066 volo
883 1006 1003 1086 iacere,
1025 1006 1108 1085 quod
1127 1004 1239 1085 poeni-

99 1107 179 1166 tebit
200 1116 245 1180 te,
288 1105 372 1184 quod
396 1123 533 1184 unquam
561 1105 669 1165 dixisti
697 1127 796 1166 unum
822 1108 953 1166 verbum
987 1127 1045 1187 pro
1072 1104 1238 1164 lleuohlin.

101 1207 142 1264 Et
163 1204 274 1265 audivi
295 1203 332 1262 ab
354 1223 408 1262 ore
429 1205 495 1284 ejus
515 1214 589 1265 tuno
608 1204 772 1284 temporis,
792 1207 876 1284 quod
900 1207 993 1266 dixit:
1024 1206 1157 1284 Quando
1181 1204 1239 1263 ha*

101 1307 191 1364 beret
219 1305 404 1364 sententiam
428 1314 534 1364 contra
558 1302 734 1378 Reuohlin,
776 1314 852 1372 tuno
884 1310 997 1366 statim*
1016 1306 1114 1368 vellet
1144 1305 1238 1364 illum

100 1405 274 1464 Doctorem
295 1403 333 1462 de
352 1403 449 1466 Wick
471 1407 583 1475 citare,
606 1402 814 1462 et'declarare
835 1403 1134 1477 embaeneticam,
1164 1405 1239 1482 quia

101 1524 142 1562 ex
164 1504 272 1565 verbis
295 1502 359 1582 ejus
382 1502 506 1582 collegit
526 1502 647 1580 aliquos
667 1502 812 1562 articulos
826 1504 1031 1564 haereticales.
1073 1507 1135 1564 Sed
1152 1525 1238 1579 nunc

98 1611 145 1661 est
167 1601 263 1661 aliud.
324 1602 365 1660 Et
385 1603 517 1662 credatis
544 1599 639 1674 mihi,
681 1603 764 1680 quod
791 1622 854 1661 non
883 1603 962 1663 bene
990 1617 1048 1664 stat
1067 1607 1236 1686 negotium,
1265 1667 1271 1690 Ι

97 1701 177 1780 quia
197 1719 280 1758 nuuc
300 1719 423 1780 semper
442 1711 513 1761 sunt
534 1701 640 1758 decem
661 1695 797 1760 fautores
817 1703 1137 1776 Joannis'Reuchlin‚
1180 1705 1236 1766 ubi

98 1821 166 1859 non
190 1809 235 1858 est
254 1820 334 1858 unus
356 1801 604 1880 Theologorum,
636 1810 666 1858 et
692 1803 815 1878 quando
840 1802 902 1861 fuit
920 1813 989 1882 post
1008 1804 1196 1882 disputatum
1218 1825 1237 1862 a
1345 1881 1346 1888 ἵ

98 1900 269 1980 Theolopis
286 1910 435 1973 rotatum,
452 1912 526 1972 tunc
548 1899 678 1959 fuerunt
699 1903 877 1976 octodecim,
898 1903 953 1980 qui
972 1913 1159 1963 volaverunt
1177 1923 1235 1984 pro

99 1999 275 2073 Reuchlin,
298 2009 329 2058 et
347 1999 447 2058 solum
467 2005 582 2079 septem
604 2020 662 2078 pro
685 2001 863 2080 Theologis.
912 2002 952 2060 Et
972 2003 1074 2062 adhuc
1094 2004 1142 2062 illi
1164 2017 1236 2084 sep*

99 2110 164 2158 tem
191 2119 254 2159 non
282 2099 445 2172 dixerunt,
487 2095 570 2180 quod
596 2099 721 2158 deberet
748 2100 888 2159 comburi
909 2102 1077 2180 Speculum
1098 2105 1234 2176 oculare,

98 2199 155 2257 sed
174 2198 389 2260 limitaverunt
409 2201 503 2260 verba
525 2221 588 2258 sua.
649 2201 731 2278 Ergo
762 2219 826 2258 non
852 2197 951 2258 habeo
973 2200 1083 2260 bonam
1106 2191 1235 2280 speran-

96 2299 185 2356 tiam.
224 2299 290 2360 Vos
310 2298 426 2358 debetis
448 2302 552 2357 omnia
571 2297 685 2370 facere,
708 2318 786 2378 quae
806 2300 948 2378 potestis,
980 2303 1062 2380 quod
1084 2302 1236 2360 moriatur

97 2396 155 2454 ille
175 2399 307 2458 Ioannes
330 2395 370 2456 d'e
392 2397 504 2469 Wick,
526 2397 598 2476 quia
621 2397 687 2477 ipse
711 2407 755 2456 eat
777 2412 883 2472 causa,
904 2400 987 2478 quod
1007 2399 1164 2458 Reuchlin'
1179 2401 1235 2458 be*

96 2517 138 2555 ne
159 2507 237 2570 stat,
259 2509 289 2555 et
307 2496 460 2576 Theologi
482 2498 571 2556 uiale.
612 2497 653 2556 Et
674 2499 736 2557 nisi
758 2499 823 2578 ipse
844 2498 968 2572 luisset,
990 2499 1138 2558 talianon
1153 2497 1234 2558 fuis-

95 2609 168 2654 sent
191 2606 372 2676 perpetrata.
390 2587 392 2592 ¹
433 2597 474 2655 Et
493 2599 536 2655 sio
559 2597 667 2670 credo,
701 2597 784 2676 quod
804 2599 882 2657 bene
904 2599 1052 2679 expedivi
1071 2609 1137 2669 me,
1156 2600 1235 2657 sori*

95 2695 222 2769 bendo,
258 2696 340 2774 quod
360 2704 465 2775 postea
486 2716 550 2755 uon
571 2696 695 2775 potestis
718 2694 798 2755 mihi
819 2698 954 2758 scribere
974 2697 1048 2758 talia
1072 2697 1233 2778 duperia.

96 2795 182 2877 Ergo
202 2795 314 2856 valete.
345 2788 470 2856 ¹Datum
489 2795 648 2855 Romanae
666 2795 789 2856 Curiae.

320 2992 518 3060 Guilbelmus
532 2994 648 3081 'Brioot
671 2995 719 3052 M.
738 2993 871 3052 Ortaaino
890 2996 1012 3056 Gratio.
1081 3007 1084 3016 '

182 3141 267 3218 Quia
285 3162 410 3222 semper·
426 3143 545 3223 petitis,
579 3142 662 3221 quod
683 3144 756 3202 volo
777 3149 1027 3218 novascriberc,
1055 3157 1086 3208 et
1107 3169 1163 3228 ego
1184 3159 1233 3209 ta-

97 3259 172 3298 men
195 3261 286 3320 saepe
307 3242 406 3301 scribo
428 3242 535 3314 vobis,
570 3243 624 3302 sed
645 3264 708 3304 non
728 3245 830 3323 juvat:
868 3266 941 3326 ergo
962 3247 1076 3310 iterum
1096 3250 1233 3306 scribere

96 3340 186 3399 vobis
208 3341 299 3414 volo,
322 3351 353 3400 et
372 3341 481 3413 credo,
501 3343 584 3420 quod
603 3328 722 3404 suffi'cit.
785 3345 896 3406 Venit.
912 3339 991 3416 mihi
1016 3347 1050 3410 in
1079 3326 1168 3404 litera
1188 3367 1232 3404 cx

95 3439 258 3498 Romanae
282 3440 369 3501 urbis
399 3441 511 3513 Curia,
548 3443 634 3522 quod
656 3442 812 3503 Mattheus
841 3444 941 3502 Finck
969 3445 1231 3525 singularissimus

94 3537 201 3598 fautor
227 3549 331 3599 vester
357 3552 401 3603 est
427 3550 581 3614 mortuus,
625 3551 656 3601 et
674 3543 772 3620 aliqui
793 3541 949 3602 Curtisaui
969 3545 1159 3603 Lansmanui
1180 3544 1232 3604 sui

93 3635 275 3698 habuerunt
294 3660 345 3699 me
365 3649 522 3720 rogatum,
559 3641 643 3718 quod
668 3643 740 3703 volo
763 3643 792 3703 ei
814 3662 999 3722 componere
1015 3643 1229 3724 Epitaphium,

93 3737 180 3817 quod
203 3737 268 3798 feci
288 3738 347 3799 sic:
1021 3757 1042 3824 ¹,
1118 3757 1121 3760 “
1251 3739 1253 3742 ’

179 3876 250 3935 Hie
261 3871 352 3949 jacet
371 3879 528 3935 extinctus
542 3877 698 3956 quondam
713 3877 899 3938 venerabilis
912 3882 1040 3940 Finous.

263 3977 305 4034 Iu
326 3976 423 4035 rubea
440 3989 530 4055 toga,
564 3998 623 4054 pro
636 3999 668 4036 eo
687 3979 799 4036 Deum¹
810 3999 897 4056 roga.

177 4057 280 4148 Cujus
303 4077 379 4146 olim
393 4089 499 4136 venter
517 4076 596 4134 bibit
614 4079 739 4137 Corsica
759 4079 838 4138 vina
858 4078 997 4151 libenter.

261 4175 302 4233 In.
314 4175 382 4249 fide
404 4197 532 4256 syncera
549 4189 578 4234 et
598 4176 752 4236 charitate
771 4198 853 4236 vero.

173 4289 284 4349 Unum
306 4313 382 4376 rogo
411 4294 449 4354 de
477 4293 565 4356 vobis
579 4337 589 4368 ,
629 4293 718 4374 quod,
733 4293 835 4355 velitis
861 4315 911 4354 me
937 4307 1041 4358 tamen
1062 4297 1226 4376 instruere,
