2896 4716
210 356 274 425 210
573 331 972 415 orrsro'nnn

212 513 401 578 comedimus
423 528 495 586 ovs,
540 519 571 571 et
597 528 653 591 ego
681 507 824 590 aperiens
845 529 940 578 oviam
952 551 960 584 ‚
997 506 1079 586 vidi,
1099 501 1199 590 ¹quod
1220 506 1346 588 juvenis

210 617 317 698 pullus
339 623 384 673 est
404 612 438 673 in
460 631 512 672 eo:
533 610 652 670 ostendi
672 608 862 683 socienno,
893 619 968 670 tunc
989 609 1056 690 ipsa
1076 609 1169 670 dixit:
1190 607 1346 668 Comedu-

212 717 251 776 tis
265 715 344 788 cito,
365 724 528 791 antequam
549 709 660 789 hospes
680 708 782 785 videt,
803 707 886 789 quia,
907 708 1029 788 quando
1044 707 1140 786 ridet,
1160 718 1235 767 tunc
1248 726 1346 786 opor-

58 889 60 898 ,
90 793 101 851 ¹·
211 824 256 874 tet
277 811 401 873 cidare
422 807 701 888 unumCarlinum
725 809 778 870 vel
805 808 924 867 lulium
951 827 1011 888 pro
1036 809 1168 889 gillius,
1206 806 1281 885 quia
1301 815 1346 864 est
1446 821 1447 868 i

211 913 265 974 hic
279 893 482 983 consuetudo,
504 907 596 988 quod,
618 907 740 986 quando
761 907 871 988 hospes
890 905 980 988 pflit
999 906 1116 986 aliquid
1136 906 1174 966 ad
1193 905 1345 979 tabulam,

210 1021 286 1072 ωηο
306 1018 428 1090 oportet
446 1008 584 1081 solvere,
618 1007 692 1086 quia
719 1023 784 1067 non
804 1007 916 1067 volunt
935 1005 1083 1086 recipere.
1144 1005 1228 1066 Etsi
1246 1005 1343 1078 ridet,

210 1108 294 1192 quod
313 1106 436 1187 juvenis
456 1105 571 1186 gallina
591 1106 690 1185 estin
713 1125 788 1179 ovo,
809 1105 875 1186 ipse
895 1103 988 1165 dicit:
1010 1102 1144 1166 Solvatis
1158 1104 1235 1164 mihi
1250 1104 1343 1164 etiam

209 1210 375 1292 gallinam,
396 1203 470 1285 quia
490 1214 647 1285 computat
665 1223 812 1285 parvam,
832 1203 913 1264 sicut
931 1225 1082 1285 magnam.
1133 1205 1173 1264 Et
1199 1223 1256 1284 ego
1282 1213 1345 1264 sta-

209 1309 268 1370 tim
289 1306 356 1368 bibi
376 1325 488 1378 ovum,
513 1317 543 1363 et
564 1303 657 1362 simul
676 1303 767 1363 illum
787 1303 909 1382 pullum
930 1303 1032 1378 intus,
1060 1313 1216 1385 etpostea
1230 1303 1345 1382 cogita-

96 1437 99 1450 *
209 1407 259 1482 vi,
295 1404 381 1483 quod
400 1402 465 1464 fuit
485 1402 551 1463 dies
571 1403 720 1475 Veneris,
763 1411 794 1462 et
814 1401 882 1460 dixi
903 1401 987 1460 socio
1009 1423 1094 1465 mec:
1129 1421 1185 1463 vos
1216 1401 1344 1475 fecistis,

210 1504 294 1587 qood
314 1502 399 1572 feci,
414 1515 575 1583 peccatum
596 1501 743 1574 mortale,
764 1493 955 1560 comedendo
976 1520 1083 1561 carues
1102 1501 1138 1560 in
1161 1501 1251 1562 feriis
1270 1521 1345 1560 sex-

209 1607 257 1666 tis.
293 1605 338 1687 *Et
359 1601 440 1662 dixit
459 1596 543 1682 ipse,
570 1600 653 1680 quod
673 1618 738 1660 non
762 1609 807 1660 est
827 1609 986 1680 peccatum
1010 1601 1158 1675 mortale,
1194 1599 1256 1660 imo
1276 1621 1344 1660 non

210 1714 255 1766 est
273 1712 433 1785 peccatum
462 1699 601 1774 veniale,
635 1698 709 1779 quia
732 1697 787 1756 ille
810 1698 959 1779 pullaster
985 1709 1231 1780 nonreputatur
1252 1699 1346 1759 aliter
1446 1735 1447 1758 t

209 1823 302 1887 quam
324 1821 434 1873 ovum,
455 1800 554 1886 donec
574 1807 619 1859 est
639 1809 737 1858 natus
801 1799 843 1858 Et
862 1799 943 1857 dixit
963 1798 1060 1872 mihi,
1100 1800 1183 1877 quod
1204 1809 1248 1859 cst
1263 1801 1344 1860 sicut
1446 1865 1447 1874 χ

210 1906 249 1966 de
270 1902 374 1974 caseis,
392 1901 426 1958 iu
448 1899 558 1979 quibus
579 1896 745 1977 aliquando
763 1906 838 1956 aunt
857 1918 989 1970 vermes,
1012 1907 1043 1956 ct
1063 1899 1098 1956 in
1121 1899 1241 1972 cerasis,
1263 1908 1294 1959 et
1307 1899 1343 1958 iu
1446 1903 1447 1922 ¹

207 2002 284 2084 pisis
305 2011 335 2060 et
355 1998 434 2058 fabis
456 1997 648 2070 recentibus,
689 1995 743 2055 sed
770 2007 875 2056 tamen
897 1996 1101 2056 comeduntur
1128 1997 1162 2056 in
1181 1998 1275 2058 sextis
1292 1999 1345 2058 fc·-
1446 2013 1447 2056 4

208 2095 282 2173 riis,
306 2109 337 2159 ct
357 2098 448 2158 etiam
471 2096 505 2156 in
525 2089 642 2176 vigiliis
661 2096 889 2174 Apostolorum.
931 2098 1076 2177 Hospitea
1094 2107 1195 2157 autem
1216 2098 1260 2158 ita
1270 2107 1345 2158 sunt

189 2197 366 2282 ¹pulmoni,
388 2195 471 2278 quod
492 2195 619 2264 dieunt,
637 2193 723 2275 quod
742 2205 815 2254 aunt
836 2214 958 2271 carnes,
985 2207 1020 2258 ut
1040 2195 1173 2256 habeant
1192 2198 1265 2278 plus
1285 2217 1344 2277 pe·
1446 2201 1447 2242 ἒ

210 2300 348 2361 cuniam:
378 2309 453 2354 tunc
474 2316 529 2376 ego
549 2295 650 2368 chivi,
687 2295 863 2375 etcogitavi
885 2295 1023 2374 desuper.
1088 2299 1128 2358 Et
1145 2317 1201 2378 per
1223 2292 1343 2371 Deum,

209 2398 359 2479 Magister
381 2395 531 2469 Ortuine,
568 2414 624 2474 ego
645 2415 714 2454 sum
734 2395 866 2453 multum
888 2395 1045 2469 turbatus,
1074 2406 1105 2457 et
1125 2396 1243 2468 nescio,
1278 2417 1344 2478 quo
1446 2431 1447 2456 l

210 2499 307 2560 debeo
329 2515 380 2556 me
402 2514 519 2574 regere.
572 2493 607 2552 si
632 2493 747 2554 vellem
777 2494 910 2553 libenter
936 2495 1101 2556 consilium
1133 2507 1284 2576 quaerere
1304 2497 1344 2556 ab

210 2617 275 2660 uno
294 2594 474 2668 Curtiaano,
508 2605 582 2654 tunc
602 2592 682 2667 scio,
705 2593 788 2672 quod
809 2614 873 2653 non
892 2593 1007 2654 habent
1027 2597 1120 2655 bonas
1141 2595 1343 2655 concientiae:

209 2695 336 2758 videtur
355 2693 450 2768 mihi,
478 2693 660 2772 quod'istae
687 2691 816 2769 juvenes
837 2693 969 2772 gallinae
990 2694 1024 2753 in
1045 2695 1110 2754 ovis
1130 2706 1202 2754 sunt
1224 2714 1342 2769 carnes,
1446 2715 1447 2718 ’

210 2796 285 2877 quia
305 2793 435 2853 materia
456 2790 583 2870 estjam
605 2790 739 2849 formata
762 2791 995 2871 etfiguratain
1017 2795 1154 2854 membru
1177 2805 1207 2855 et
1228 2815 1346 2875 corpus
1394 2837 1399 2843 -
1446 2777 1447 2782 ἵ

210 2893 371 2965 animalis,
406 2900 437 2950 et
457 2889 549 2948 habet
569 2889 703 2968 animam
724 2884 865 2951 vitalem:
895 2892 981 2952 aliud
1004 2904 1050 2952 eat
1069 2894 1108 2952 de
1129 2894 1287 2953 vermibus
1307 2894 1344 2953 in
1446 2899 1447 2960 j

211 2992 305 3052 caseis
327 2998 358 3048 et
376 2989 460 3062 alii-s,
482 2988 556 3068 quia
577 3008 698 3049 vermes
717 3000 902 3068 reputantur
923 3011 981 3072 pro
1000 2992 1134 3071 piscibus
1145 3032 1154 3066 ,
1186 2993 1266 3052 sicut
1284 3013 1343 3072 ego
1446 3015 1447 3028 ²

211 3089 319 3152 audivi
338 3089 375 3148 ab
396 3108 460 3148 uno
475 3087 608 3162 Medico,
630 3089 684 3168 qui
704 3089 846 3149 estvalde
861 3090 1126 3170 bonusPhysicus.
1166 3092 1248 3171 Ergo
1264 3111 1342 3172 rogo
1446 3167 1447 3172 η

210 3210 267 3252 vos
287 3189 422 3248 multum
445 3187 639 3260 cordialiter,
682 3197 831 3267 quatenus
861 3189 964 3250 velitis
979 3189 1071 3249 «mihi
1096 3192 1281 3271 respondere
1302 3191 1343 3250 ad

119 3339 124 3354 ,
211 3290 399 3370 propositam
420 3287 638 3368 quaestionem.
702 3287 786 3366 Quia
806 3288 833 3348 si
853 3289 979 3362 tenetis,
1010 3290 1098 3368 quod.
1117 3301 1162 3350 est
1181 3299 1342 3371 peccatum

211 3388 360 3461 mortale,
392 3395 467 3446 tunc
489 3386 561 3447 volo
587 3387 640 3460 hic
670 3388 830 3466 acquirere
856 3409 950 3446 unam
977 3390 1219 3464 absolutionem,
1253 3401 1344 3450 ante-

211 3484 406 3568 quam'vado
425 3484 661 3546 ad'Almaniam.
701 3485 803 3546 Etiam
825 3485 940 3547 debetis
962 3487 1058 3562 scire,
1089 3489 1173 3570 quod
1193 3489 1343 3568 Magister
1446 3477 1447 3488 ¹

210 3596 316 3648 noster
331 3585 461 3646 lacobus
482 3585 521 3645 de
540 3587 724 3663 Hogstratcn
744 3570 907 3666 icquisivit
926 3587 1012 3648 mille
1031 3587 1166 3650 florenos
1193 3609 1233 3648 cx
1253 3591 1344 3648 'Ban-

104 3675 110 3680 ’
212 3706 267 3761 οο,
289 3695 320 3744 et
333 3685 450 3760 credo,
474 3685 557 3764 quod
575 3683 708 3745 lucrabit
726 3704 865 3758 causam,
896 3695 927 3745 et
947 3685 1087 3747 diabolus
1109 3688 1281 3748 confundet
1300 3687 1346 3746 il-

211 3785 279 3846 lum
298 3783 449 3845 loannem
470 3783 626 3846 Reuchlin
646 3794 678 3845 et
699 3784 777 3844 alios
797 3783 905 3844 Poetae
928 3795 959 3845 et
972 3787 1115 3861 doristus,
1136 3787 1209 3867 quia
1229 3786 1344 3847 volunt

214 3892 278 3944 csse
293 3893 400 3944 contra
418 3885 587 3966 Ecclesiam
603 3885 686 3958 Dei,
708 3883 815 3959 idest,
838 3892 943 3946 contra
963 3885 1153 3968 Theologos,
1174 3888 1209 3946 in
1229 3886 1345 3966 quibus
1446 3887 1447 3954 J

213 3993 258 4044 est
278 3983 407 4044 fundata
425 3983 583 4059 Ecclesia,
604 3996 641 4044 ut
662 3983 802 4044 Christus
819 3983 914 4044 dixit:
951 3985 1002 4046 Tu
1023 4005 1055 4045 es
1074 3987 1185 4046 Petrus
1205 3996 1346 4066 etsuper

212 4083 294 4144 hanc
312 4093 433 4163 petram
454 4081 621 4142 aedificabo
639 4082 806 4144 Ecclesiam
827 4101 936 4144 meam.
977 4084 1018 4143 Et
1032 4084 1077 4145 sic
1089 4085 1272 4146 commendo
1286 4105 1346 4148 vos

129 4217 135 4232 ·
216 4181 351 4245 Domino
365 4183 465 4244 Deo·
485 4181 606 4245 Valete·
645 4183 762 4244 Datum
781 4182 815 4242 in
831 4183 1068 4246 urbeRomaua.

670 4296 878 4314 ἢ
