2872 4722
43 353 46 359 ’
129 379 131 389 1
206 341 265 407 156
566 337 1016 400 El’lS'l'OLAE*

203 517 304 578 mum,
325 496 379 558 sed
400 495 466 576 ipse
486 514 549 554 uon
567 494 667 574 placat
685 491 764 556 mihi
784 493 818 554 in
838 492 939 554 media
960 499 1046 572 parte
1066 499 1129 550 tam
1150 490 1247 560 bene,
1276 488 1326 550 si-

203 607 255 658 cut
274 591 330 658 ios
348 594 428 654 mihi
447 592 620 673 placuistis,
639 594 761 674 quando
782 613 837 655 vos
859 591 974 653 fecistis
996 590 1144 650 Coloniae
1163 588 1326 650 Valerium

202 696 392 768 Maximum,
404 679 487 774 ‘quia
506 692 561 751 ille
574 690 626 751 hic
645 692 785 771 procedit
803 690 1002 771 simpliciter:
1023 700 1206 758 vosautem,
1227 709 1328 770 quan·
1424 675 1425 678 Ἴ

133 801 139 820 Χ
165 773 173 784 '
203 796 243 856 ao
264 793 377 874 regiae
396 791 441 853 nr
459 791 498 850 aa
518 790 657 868 neglecta
674 790 855 870 ueirgsone,
877 789 917 848 ae
936 789 1087 862 Somnia,
1115 782 1145 849 et
1161 787 1327 870 seperta,
1424 841 1425 880 ἰ

202 904 276 956 tnnc
296 885 445 970 allegastis
466 891 589 948 Sacram
614 881 823 969 Scripturism,
860 887 1005 950 videlicet
1023 889 1170 948 Calenam
1190 909 1327 961 aurem,

202 1001 280 1073 quae
309 1001 438 1052 vocatur
463 989 651 1054 Continuam
673 987 755 1047 beuti
778 989 922 1061 Thomas,
973 987 1164 1047 Durandnm
1190 997 1220 1048 et
1250 986 1328 1046 alios
1424 963 1425 1004 ³

113 1145 114 1152 ,
194 1089 380 1172 sublimatos
405 1086 440 1146 in
460 1085 645 1165 Theologia,
683 1096 713 1146 et
732 1085 860 1166 jussistis
875 1087 960 1167 quod
979 1087 1059 1148 bene
1076 1085 1252 1146 notaremus
1271 1085 1328 1144 illa
1424 1085 1425 1102 ¹

201 1195 314 1268 puncta
333 1203 373 1244 ex
391 1205 476 1245 sacra
496 1184 624 1264 pagina,
657 1195 687 1246 et
708 1183 907 1265 pingeremus,
926 1186 971 1244 ibi
995 1205 1090 1246 unam
1118 1205 1244 1246 manum
1256 1226 1266 1257 ,
1296 1194 1328 1241 et
1424 1187 1425 1250 l

202 1287 387 1346 disceremus
408 1293 607 1344 mentetenus.
669 1283 779 1343 Sciatis
802 1286 911 1360 etiam,
951 1285 1033 1364 qnod
1054 1283 1190 1352 hicnon
1209 1282 1329 1342 intrant
1424 1301 1425 1372 ᾧ

201 1397 264 1448 nm
283 1383 382 1447 multa
401 1382 573 1464 supposita,
608 1382 687 1446 sicut
708 1383 874 1456 Coloniae,
913 1385 985 1462 quia
1005 1383 1152 1443 Coloniae
1172 1381 1328 1442 studentes

201 1493 328 1566 possunt
348 1503 427 1557 esse,
464 1482 543 1542 sicut
573 1480 624 1542 hio
650 1486 722 1540 sunt
742 1490 899 1556 scutones,
932 1481 1028 1541 etibi
1054 1481 1152 1561 aliqui
1172 1479 1327 1539 studentes

201 1593 320 1645 scutant
341 1581 432 1642 etiam
453 1578 631 1660 pantheras,
653 1579 736 1659 quod
758 1599 822 1640 non
845 1580 956 1640 volunt
977 1579 1029 1641 hic
1050 1579 1232 1654 concedere,
1254 1577 1327 1656 quia
1349 1573 1353 1578 ’

144 1677 150 1685 ’
202 1692 322 1765 oportet
342 1681 411 1753 hic,
431 1678 515 1759 quod
535 1698 641 1738 ornnes
661 1679 794 1739 habeant
815 1699 952 1738 mensam
973 1680 1008 1738 in
1029 1680 1143 1752 bursa,
1165 1688 1196 1738 et
1216 1675 1327 1736 sintin
1424 1703 1425 1756 3

157 1828 164 1842 s
201 1781 362 1846 matricula
392 1771 622 1840 Universitatis:
665 1787 696 1836 et
725 1776 864 1857 quamvis
896 1777 949 1838 hic
982 1787 1055 1838 sunt
1080 1777 1186 1859 pauci,
1222 1785 1327 1834 tamen
1424 1785 1425 1832 ὲ

200 1892 273 1944 snut
292 1879 433 1960 audaces,
468 1888 497 1937 et
517 1877 596 1936 bene
615 1887 678 1934 nm
699 1877 846 1950 audaces,
878 1876 958 1938 sicut
983 1875 1033 1936 illi
1059 1877 1150 1937 multi
1177 1876 1211 1936 in
1232 1875 1327 1935 Colo·
1424 1863 1425 1934 i

200 1983 254 2044 nia
273 1981 334 2060 ipsi
353 1978 546 2038 scaleverunt
565 1974 746 2054 nuperrime
766 1994 864 2036 uuum
884 1977 1054 2056 Regentem
1072 1977 1105 2036 in
1128 1977 1240 2054 bursa,
1270 1970 1326 2052 qui

201 2080 284 2142 stetit
306 2087 566 2148 antecameram,
605 2086 636 2131 et
662 2074 782 2134 audivit
801 2075 884 2154 quod
901 2075 1044 2136 luserunt
1064 2074 1212 2134 interius:
1252 2081 1327 2132 tuno
1424 2077 1425 2142 t

124 2181 132 2250 ,’
201 2199 281 2242 uuus
313 2176 414 2236 voluit
446 2174 550 2246 exire,
592 2183 623 2232 et
648 2172 769 2234 invenit
797 2195 869 2234 eum
899 2173 962 2248 ibi,
1012 2184 1049 2233 et·
1082 2172 1212 2255 projecit
1254 2191 1326 2231 eum
1424 2231 1425 2254 ,

200 2298 256 2360 per
298 2274 416 2356 gradus.
490 2273 654 2350 Praeterea
695 2271 786 2333 etiam
829 2285 902 2332 sunt
941 2273 1087 2346 audaces,
1138 2271 1211 2352 quia
1251 2291 1326 2350 per-

171 2452 176 2458 .
200 2376 321 2438 cutiunt
346 2394 380 2433 se
400 2371 452 2431 hic
472 2391 542 2430 cum
564 2370 725 2445 Reateris,
749 2371 850 2432 sieunt
869 2371 989 2434 faciunt
1008 2369 1157 2431 Coloniae
1178 2390 1248 2430 cum
1258 2371 1326 2429 Do-

199 2473 383 2545 leatoribus,
418 2479 448 2532 et
477 2470 626 2530 incedunt
648 2489 735 2530 more
761 2472 967 2530 Reuterorum
989 2490 1060 2531 cum
1082 2469 1239 2550 productis
1260 2469 1327 2549 gla-

200 2574 278 2646 diis,
313 2581 344 2630 et
363 2567 486 2629 chordis
506 2578 536 2629 et
557 2566 671 2650 spadis;
690 2569 797 2629 'etiam
826 2591 896 2630 cum
915 2569 1095 2650 plumbatis,
1129 2568 1183 2628 ubi
1210 2567 1327 2628 habeut

201 2671 375 2741 cordulam,
411 2679 539 2747 possunt
558 2666 686 2746 jactare,
727 2669 890 2729 etiterum
910 2668 949 2728 ad
972 2689 1004 2728 se
1023 2667 1153 2728 trahere.
1213 2666 1326 2747 Nuper

200 2770 293 2829 semel
312 2767 441 2827 Reuteri
463 2776 644 2826 secaveruut
664 2765 716 2826 hic
738 2788 836 2828 unum
859 2766 1067 2828 Domicellum
1096 2787 1153 2848 per
1180 2765 1324 2839 scabiem,
1424 2799 1425 2846 ᾗ

200 2868 283 2948 quod
303 2865 416 2926 cedidit
437 2863 476 2923 ad
496 2874 623 2922 terram:
663 2864 718 2925 sed
738 2866 798 2925 cito
819 2866 972 2944 surrexit,
995 2879 1025 2926 et
1046 2859 1193 2929 defendit¹
1206 2886 1240 2926 ae
1254 2885 1326 2927 rea·
1424 2855 1425 2872 ¹

199 2969 287 3040 liter,
323 2973 353 3024 et
374 2961 523 3042 percussit
545 2973 575 3022 et
594 2965 709 3026 secavit
729 2983 780 3024 eos
800 2985 921 3038 omnes,
949 2965 1031 3045 quod
1053 2964 1231 3026 habuerunt
1252 2985 1326 3026 san-
1424 2991 1425 3032 t

200 3077 281 3124 ctum
304 3060 520 3135 Valentinum,
542 3071 573 3122 et
587 3082 697 3122 omnes
720 3064 883 3124 currebant
903 3062 1032 3144 fugiens.
1092 3059 1203 3125 Adnue
1224 3085 1325 3124 unum
1424 3057 1425 3082 ¹

169 3225 171 3228 ,
199 3175 261 3235 est,
289 3160 371 3240 quod
390 3159 504 3219 debetis
524 3161 610 3220 scire.
652 3162 715 3222 Vos
735 3162 850 3224 debetis
870 3161 1061 3245 interrogare
1074 3165 1241 3224 Ductorem
1260 3165 1324 3224 Ar-
1424 3183 1425 3228 1

199 3262 326 3322 noldum
347 3259 386 3319 de
407 3260 573 3339 Tangeris,
616 3261 673 3340 qui
693 3279 757 3320 non
788 3272 834 3322 est
854 3262 1004 3345 minimus„
1020 3263 1055 3322 in
1076 3261 1263 3344 Tlseologia,
1283 3283 1324 3322 an
1424 3263 1425 3274 ³

168 3364 170 3372 ’
200 3363 291 3421 etiam
312 3361 351 3419 sit
370 3369 543 3439 peccatum,
581 3358 688 3418 ludere
709 3359 744 3418 in
771 3360 887 3420 taxillis
906 3382 964 3442 pro
990 3361 1198 3442 indulgentiis
1257 3363 1323 3444 Ego
1424 3359 1425 3426 Ῐ

189 3461 260 3520 ¹scio
282 3459 401 3538 aliquos
423 3458 537 3532 socios,
577 3459 632 3537 qui
651 3468 723 3518 suut
742 3459 870 3534 ribaldi,
909 3461 962 3540 qui
989 3462 1188 3542 perluserunt
1216 3481 1324 3521 omnes
1424 3447 1425 3520 ff

198 3557 422 3640 indulgentias,
465 3577 538 3638 quas
565 3557 649 3617 dedit
677 3558 720 3616 eis
749 3559 877 3618 lacobus
900 3559 938 3619 da
957 3560 1017 3620 alta
1036 3561 1157 3640 platea,
1198 3561 1322 3642 quando
1424 3555 1425 3558 ¹

198 3659 266 3738 ipse
283 3656 462 3718 terminarit
483 3677 602 3716 causam
630 3656 784 3717 Reuehlin
806 3658 969 3738 Magistri,
1007 3659 1079 3738 quia
1107 3671 1169 3724 tres
1194 3659 1325 3722 fuerunt

199 3759 262 3831 ibi,
286 3767 316 3816 et
338 3757 430 3814 etiam
451 3757 611 3830 dixerunt,
632 3756 715 3835 quod
735 3757 808 3816 illae
826 3758 1038 3836 indulgentiae
1058 3779 1123 3820 non
1144 3770 1244 3820 essent
1264 3759 1324 3820 ho·
1424 3761 1425 3772 ¹

199 3857 330 3915 minibus
349 3855 512 3934 proficuae.
568 3853 602 3914 si
629 3863 673 3916 est
692 3867 865 3935 peccatum,
894 3856 972 3918 sicut
994 3857 1105 3932 credo,
1142 3869 1172 3919 et
1192 3880 1257 3920 uon
1279 3873 1325 3920 est

197 3955 358 4036 possibile,
376 3954 458 4034 quod
477 3974 540 4012 non
560 3948 599 4014 sit
618 3957 793 4034 peccatum:
828 3975 884 4036 ego
905 3976 998 4016 nosco
1027 3957 1215 4034 illorbene,
1245 3971 1322 4020 tunc

184 4075 254 4135 rego
275 4054 345 4113 volo
364 4053 423 4113 hec
443 4054 707 4116 Praedicatoribus
729 4054 846 4128 dicere,
884 4056 938 4136 qui
958 4065 1050 4116 erunt
1072 4055 1123 4117 eds
1143 4067 1226 4118 recte
1245 4079 1324 4120 con·
1424 4055 1425 4064 ¹

198 4153 347 4225 fundere,
382 4165 413 4212 et
431 4173 495 4232 ego
525 4147 616 4214 etiam
645 4155 717 4214 volo
745 4154 788 4214 eis
809 4167 871 4214 met
890 4155 924 4216 in
945 4153 1072 4237 propria
1092 4177 1222 4238 persona
1243 4158 1322 4240 (ego

198 4273 265 4314 sura
286 4251 364 4312 beno
384 4261 446 4313 tam
468 4251 583 4330 audax)
605 4252 643 4314 ad
663 4273 775 4336 panem
797 4275 904 4334 eorum
924 4277 1049 4338 ponere.
1089 4257 1180 4318 Nihil
1202 4259 1321 4340 estjam

125 4351 241 4410 ¹'s
