2896 4716
417 287 686 402 osseus.
725 332 985 418 vinos„
1179 329 1241 400 ars

1178 457 1190 482 Ι

104 507 138 560 et
157 495 196 558 in
224 495 318 558 domo
338 495 485 559 nutriunt
512 503 642 576 putansa
668 493 736 555 sive
764 491 949 572 cannabinas
976 491 1127 573 pretiose,
1167 513 1239 580 cupa

104 595 226 658 catenis
246 597 281 657 in
302 597 401 670 collo,
440 615 512 655 cnm
533 594 657 654 annulis
677 593 712 658 in
733 591 893 664 manibus,
923 611 994 654 cum
1013 591 1154 666 sobubis,
1183 613 1240 680 ref

104 696 169 756 luti
191 716 226 756 ae
247 707 469 756 essentuxores
489 693 635 753 militam.
694 692 736 751 Et
755 690 912 751 interdum
932 711 1014 751 unua
1033 691 1161 751 illorum
1182 691 1240 757 lra-

104 797 160 857 bet
181 805 246 856 tres
266 795 419 856 Canonias
439 792 534 853 simul
554 803 587 857 et
603 790 716 863 semel,
750 799 784 850 ct
802 789 936 850 imbnsat
954 789 999 879 dex
1014 790 1157 850 omnibus
1176 791 1240 851 illis
1294 811 1296 816 ’

105 894 210 955 tribus
230 894 336 976 giltas,
354 891 439 972 quod
458 889 534 950 inde
552 900 654 972 potest
673 889 919 950 haberemultas
939 887 1056 948 aschae.
1118 891 1157 951 Et
1169 899 1241 970 pot-

107 1005 155 1054 est
177 994 278 1054 solum
297 1000 398 1066 stare,
412 1001 451 1050 -et
469 1009 536 1050 esse
553 989 589 1048 in
608 1008 675 1049 uno
696 987 808 1062 choro,
833 998 863 1048 et
884 989 918 1048 in
939 988 1008 1048 aliis
1028 1007 1101 1049 non.
1141 991 1182 1050 Et
1196 990 1241 1050 sie

106 1093 143 1152 in
166 1093 237 1153 aliis
259 1089 361 1154 choris
380 1089 486 1149 nullas
510 1099 541 1148 et
560 1107 651 1148 nemo
672 1096 729 1146 stat
747 1107 805 1168 pro
827 1087 885 1162 eis,
917 1089 972 1167 qui
992 1087 1098 1148 laudat
1125 1089 1239 1165 Deum,

106 1205 140 1252 et
160 1203 250 1272 rogat
268 1211 326 1272 pro
348 1188 432 1251 vivia
451 1196 482 1246 et
501 1205 559 1268 pro
581 1187 745 1248 defunctis.
793 1187 888 1246 Estne
904 1186 964 1247 hoc
986 1187 1104 1248 rectel'
1134 1191 1241 1267 Quare

53 1277 56 1284 ¹
107 1311 177 1354 non
196 1290 400 1372 inquiruntur
417 1307 513 1368 super
533 1306 602 1360 eos,
631 1295 662 1346 et
681 1286 874 1365 interrogant
893 1306 996 1346 coram
1016 1287 1122 1350 multis
1143 1289 1242 1350 Nota-
1335 1341 1337 1352 ,

107 1390 167 1452 riis
188 1401 219 1450 et
247 1387 351 1449 multis
377 1387 505 1446 testibus
533 1382 624 1463 (sicut
655 1382 731 1442 olim
761 1383 795 1442 in
823 1385 929 1446 Monta
957 1375 1115 1463 iecerunt)
1135 1399 1166 1449 et
1193 1391 1241 1450 di·

108 1498 207 1564 cunt,
233 1489 309 1568 qnid
329 1485 476 1547 creditis?
516 1483 562 1543 ita
584 1483 637 1544 vel
659 1483 745 1542 nonl
767 1482 908 1557 creditis,
937 1485 989 1547 vel
1010 1506 1072 1546 non
1094 1485 1241 1550 creditis?

109 1587 189 1669 qnid
211 1586 335 1648 creditis
356 1585 394 1646 de
416 1582 620 1644 Sacramcn'tis
647 1580 681 1640 in
710 1581 848 1641 Ecclesia
876 1583 961 1643 Dei?
1002 1586 1120 1646 Dicatis
1141 1589 1241 1666 nobis,

109 1696 188 1767 quot
218 1697 290 1748 sunt
312 1683 530 1746 Sacramenta?
572 1691 602 1741 et
625 1701 716 1759 quam
741 1680 835 1740 fidem
852 1683 900 1742 'in
929 1684 1021 1745 corde
1043 1698 1146 1745 vestro
1166 1708 1243 1768 por·

108 1785 181 1846 tatis
200 1778 239 1846 de
260 1787 457 1846 sacramento
478 1781 715 1844 Eucharistiae?
756 1791 842 1841 estne
869 1781 915 1842 ibi
940 1802 1050 1864 corpus
1071 1795 1101 1845 et
1120 1789 1242 1868 sanguis

109 1884 251 1945 Christi?
293 1883 328 1944 si
350 1883 489 1957 creditis,
532 1882 655 1962 quando
677 1901 765 1961 crgo,
792 1891 952 1961 postquam
974 1883 1100 1944 Missam
1126 1887 1243 1967 legistis

111 1980 151 2063 (si
171 1983 276 2042 saltem
297 1982 331 2058 in
352 2003 433 2043 anno
454 1981 552 2054 ¹semel
571 1978 711 2060 legistis),
732 1979 834 2039 statim
850 1981 973 2060 quando
988 1982 1027 2041 ad
1041 1984 1167 2046 domum
1182 1988 1243 2048 ite-

110 2102 184 2144 rum
207 2082 336 2156 vaditis,
358 2080 529 2141 concubina
550 2089 653 2140 vestra
673 2078 788 2140 habens
809 2099 910 2140 mores
931 2091 961 2140 et
981 2085 1173 2163 inspectum,
1207 2109 1242 2146 ac

110 2182 140 2242 si
164 2191 240 2242 esset
259 2201 322 2241 uua
342 2181 507 2254 meretrix,
535 2179 696 2247 vobiscum
717 2178 751 2238 in
773 2179 884 2254 domo,
914 2182 967 2242 vel
987 2181 1021 2241 in
1048 2205 1150 2244 mensa
1158 2227 1167 2259 ,
1190 2187 1242 2248 vel

97 2281 146 2356 ‚in
168 2301 288 2340 cassera
306 2289 350 2340 est
372 2279 497 2353 hilaris,
534 2279 633 2349 ludit,
669 2278 808 2356 jocatur,
848 2287 878 2337 et
891 2279 995 2348 taliter
1015 2284 1147 2362 qualiter
1167 2284 1242 2345 facit

111 2380 192 2440 eta?
220 2380 351 2439 ⁴Dicatis
372 2379 477 2454 nobis,
513 2377 540 2439 si
562 2379 704 2452 creditis,
736 2378 813 2436 adeo
842 2397 989 2458 magnum
1009 2401 1073 2440 esse
1093 2384 1241 2460 fructum,

71 2504 76 2508 ·
111 2478 212 2558 etqui
232 2479 301 2538 Deo
321 2479 422 2558 placet
442 2499 482 2538 ex
497 2472 612 2551 Missa,
646 2479 725 2538 sicut
745 2479 780 2538 in
803 2476 1005 2538 decretalibus
1026 2481 1109 2541 etin
1129 2492 1242 2542 tracta-

109 2578 193 2638 tibus
207 2577 437 2657 'l'heologorum
460 2587 530 2637 stat.
571 2578 677 2653 Quare
698 2596 771 2656 ergo
792 2595 847 2636 vos
866 2577 984 2636 habetis
1004 2588 1049 2640 tot
1069 2581 1241 2644 beneficia?

111 2697 190 2756 quae
220 2687 344 2756 possent
371 2677 509 2757 quinque
538 2688 592 2735 aut
618 2697 674 2736 sex
704 2676 839 2736 devotos
856 2677 1033 2738 Sacerdotes
1061 2691 1241 2758 sustentare,
1351 2675 1355 2680 ’

110 2775 165 2856 qui
186 2776 320 2836 libenter
340 2776 478 2856 legerent
497 2777 621 2843 Missas,
663 2775 718 2853 qui
737 2775 848 2835 libenti
868 2777 973 2838 animo
993 2779 1131 2839 facerent
1152 2803 1242 2861 prae-

110 2873 284 2934 dicationes
298 2873 338 2934 ad
357 2877 513 2955 Populum
535 2885 566 2934 et
586 2873 625 2932 ad
647 2873 813 2949 clerum,
828 2875 882 2955 qui
903 2887 1027 2957 possent
1047 2878 1121 2939 dare
1141 2881 1243 2940 consi-

108 2973 152 3032 lia
169 2971 373 3053 promouere
392 2976 472 3050 Dei,
511 2994 570 3057 pro
591 2972 762 3033 salvatione
788 2977 980 3048 animarum,
1002 2968 1071 3058 ¹pro
1099 2979 1243 3041 libertate

42 3117 45 3126 Δ
109 3071 330 3147 ecclesiastica,
373 3074 529 3154 corrigere
543 3072 639 3145 vitia,
681 3083 712 3133 et
733 3074 854 3136 vellent
871 3093 980 3154 rogare
1000 3078 1104 3136 Deum
1124 3100 1182 3159 pro
1202 3081 1243 3140 D.

108 3173 211 3252 Papa,
232 3174 291 3253 pro
309 3172 410 3253 Rege,
443 3193 502 3255 pro
522 3170 697 3253 Episcopis,
726 3183 757 3232 et
774 3194 833 3254 pro
854 3174 923 3234 aliis
944 3175 1153 3252 Christicolis,
1183 3199 1241 3260 pro

108 3291 185 3352 pace
206 3282 236 3333 et
255 3273 400 3347 sanitate,
428 3273 520 3332 sicut
548 3281 607 3332 stat
627 3271 660 3330 in
683 3273 851 3352 tranquilla
880 3285 910 3334 et
931 3274 1036 3334 silenti
1063 3277 1155 3334 missa
1173 3289 1243 3357 post

107 3379 249 3445 metm,
288 3380 408 3452 etpost
436 3379 468 3432 te
498 3369 613 3452 igitur,
652 3371 887 3435 clementissime
897 3357 1023 3432 xPater'l
1065 3375 1100 3433 Si
1118 3376 1243 3436 creditis

108 3481 222 3544 tamen,
243 3471 361 3533 bonum·
380 3471 490 3533 venire
512 3490 551 3530 ex
562 3469 659 3530 Missa
678 3490 736 3550 pro
754 3461 835 3532 viv'is
851 3484 941 3551 atque
961 3472 1126 3548 defunctis,
1147 3495 1243 3555 qnare

107 3587 173 3630 non
187 3590 282 3653 supra
301 3571 379 3632 datis
399 3571 465 3644 illa,
487 3590 566 3650 quae
586 3569 704 3630 habetis
718 3571 751 3629 in
771 3571 938 3652 superfluo,
962 3580 993 3632 et
1005 3571 1159 3633 dimittitis
1174 3573 1244 3635 aliis
1279 3637 1291 3652 ,

108 3667 201 3728 bonis
220 3669 343 3731 devotis
362 3679 393 3730 et
413 3669 511 3730 doctis
530 3670 624 3744 viris,
650 3680 697 3730 nt
715 3671 801 3731 Deus
823 3669 936 3730 exinde
956 3672 1242 3750 preconiscerstar,

52 3836 56 3845 Ι
109 3776 141 3827 et
161 3766 284 3827 animae
303 3789 429 3844 eorum,
465 3789 545 3850 qaae
564 3779 778 3843 monuerunt,
814 3767 905 3830 citius
932 3788 973 3828 ex
998 3773 1144 3850 purganti
1171 3771 1244 3852 igne

108 3865 348 3941 redimerentur,
371 3879 403 3929 et
415 3869 511 3943 Deus,
533 3869 622 3930 nobis
644 3868 847 3928 amicabiliter
867 3869 1014 3950 placatus,
1035 3890 1100 3930 non
1119 3869 1164 3930 sie
1180 3872 1243 3932 im-

109 3964 248 4026 mitteret
274 3967 365 4028 nobis
394 3968 538 4028 deorsum
567 3969 721 4048 pustulas,
762 3976 792 4026 et
822 3967 867 4026 sio
891 3978 1068 4047 percuteret
1085 3969 1175 4030 nobis
1195 3957 1245 4033 ri-

108 4085 188 4126 uum
208 4075 240 4126 et
257 4066 350 4147 piade
368 4087 425 4147 per
445 4066 629 4148 grandinem
652 4077 682 4128 et
701 4049 867 4148 pruinam,
887 4075 918 4128 et
937 4057 1008 4128 non
1023 4077 1100 4150 esset
1119 4070 1162 4130 sic
1178 4091 1245 4131 ma-

108 4184 169 4244 gna
191 4163 289 4224 fames
308 4167 344 4227 in
364 4176 456 4232 terra.
499 4167 534 4226 Si
554 4177 657 4228 autem
676 4166 896 4242 nonecre'ditis,
917 4177 963 4228 tot
982 4168 1063 4231 bona
1083 4170 1192 4232 venire
1205 4193 1245 4232 ex

107 4263 206 4328 Missa
212 4305 223 4340 ,
244 4276 320 4326 tunc
339 4265 410 4326 estis
431 4286 489 4348 per
509 4269 614 4329 Deum
626 4277 773 4330 :sanctum
794 4257 928 4351 suspecti
954 4267 994 4328 de
1013 4268 1149 4350 haeresi,
1165 4271 1243 4340 ¹imo

946 4364 1058 4442 ,1ὃῆ
