2872 4722
396 335 997 408 cneconvtnonss
1165 343 1228 412 tot

102 492 234 574 amplius
255 490 296 552 ad
318 490 529 567 scribendum,
564 493 636 555 nisi'
650 493 779 556 salutate
809 493 887 554 milri
906 495 1049 558 ancillam
1070 501 1228 579 Qneutels,

101 593 171 674 quia
190 592 255 671 jaun
277 600 322 651 est
342 591 375 650 in
395 593 578 674 puerperio,
600 603 631 656 et
649 594 751 656 valete
770 594 959 675 pancratice,
990 596 1147 676 athletice,
1167 622 1234 682 pn-.

101 692 217 772 gillice,
257 690 341 750 belle
363 700 393 751 et
413 692 590 774 magnifice,
639 702 733 774 prout
755 693 832 757 dicit
852 693 997 756 Erasmus
1017 695 1052 756 in
1066 699 1228 780 parabolis.

101 793 214 852 Datum
234 789 444 876 Heidelberg..
1198 832 1204 842 ·

104 953 313 1020 Wecdelinus
334 957 594 1027 Parenitonacris,
614 956 847 1032 Baccolanrius
867 969 896 1017 et
919 960 1033 1019 enitor
1055 963 1092 1020 iu
1107 961 1228 1023 Straac-
1306 999 1309 1006 ,

307 1053 409 1133 burg,
416 1057 575 1136 Magistro
593 1055 727 1116 Ortur'no
743 1056 865 1126 Gratia,
885 1057 917 1115 S.
928 1059 972 1117 D.
979 1060 1020 1118 P.

176 1190 243 1252 Vos
273 1188 417 1269 culpastis
444 1210 496 1250 me
521 1190 555 1251 iu
583 1191 737 1273 superiori
767 1191 877 1265 litera,
916 1191 1000 1270 qood
1022 1203 1228 1276 atramentum

101 1300 177 1350 esset
196 1287 279 1350 mihi
301 1287 470 1363 balsamus,
502 1297 534 1350 ct
560 1291 693 1352 calamus
722 1299 752 1351 et
776 1309 912 1372 papyrus
941 1311 1056 1368 aurea,
1088 1315 1126 1356 co
1145 1297 1229 1376 qnod

97 1407 152 1468 ego
172 1384 264 1447 vobis
284 1384 328 1447 ita
347 1407 419 1448 raro
441 1387 617 1450 scriberem.
659 1385 728 1472 Ego
748 1391 822 1452 volo
841 1411 925 1453 nunc
945 1391 1089 1472 deinceps
1106 1413 1228 1476 semper
1285 1449 1290 1462 ,

96 1485 185 1547 vobis
206 1485 357 1560 scribere,
379 1497 410 1546 et
429 1488 565 1546 maxime
586 1487 660 1568 quia
678 1508 735 1552 vos
754 1490 857 1550 fuistis
876 1492 1062 1572 Praeceptor
1081 1511 1169 1553 meus
1193 1495 1228 1554 in

96 1584 269 1646 Darentria
302 1585 336 1644 iu
357 1584 466 1664 quinto
487 1585 572 1660 loco,
605 1598 636 1647 et
661 1587 734 1668 quia
755 1587 848 1648 ctiam
877 1584 949 1646 estis
975 1584 1103 1648 vitricus
1130 1609 1227 1666 mem,

95 1703 194 1766 quare
215 1703 272 1764 ego
291 1693 398 1744 teneor
417 1681 506 1744 vobis
527 1685 669 1746 scribere.
719 1683 782 1743 Sed
803 1684 877 1765 quia
901 1683 964 1763 jam
984 1685 1085 1746 nullu
1105 1691 1228 1751 novin·-

94 1793 145 1843 tes
165 1781 284 1854 liabeo,
304 1783 371 1842 volo
394 1783 482 1841 vobin
497 1785 557 1838 alia
578 1786 727 1842 scribere:
747 1782 801 1843 scd
820 1797 877 1863 ego
897 1783 970 1856 scio,
993 1784 1077 1863 quod
1096 1785 1228 1848 illanon

95 1882 296 1943 delectabunt
314 1899 385 1952 ror,
410 1878 480 1958 ,qui
508 1898 564 1939 vos
591 1880 661 1942 estis
685 1881 785 1942 bonus
806 1901 900 1962 snper
916 1863 1016 1942 latere
1034 1882 1229 1946 Praedicato-

94 2001 177 2043 rum.
210 1979 318 2059 Nuper
337 1976 433 2039 semel
453 1977 588 2038 sedimus
607 1977 640 2038 iu
662 1981 834 2059 symposio:
873 1990 948 2042 tuuc
966 1981 1046 2043 sedit
1071 1983 1117 2044 ibi
1137 2004 1228 2059 unus,

94 2081 149 2160 qui
174 2077 361 2160 loquebatur
388 2089 451 2134 tam
484 2077 626 2136 mirabile
653 2076 802 2152 latinum,
846 2079 929 2159 quod
958 2101 1013 2161 ego
1038 2101 1104 2142 non
1124 2084 1229 2144 omnia

94 2178 189 2238 verba
207 2176 375 2247 intellexi,
410 2175 464 2236 aed
485 2175 588 2254 aliqua
609 2177 705 2237 verba
726 2179 824 2255 beno;
846 2188 877 2236 et
897 2179 980 2238 inter
1000 2190 1119 2241 caetera
1139 2181 1227 2256 dixit,

94 2275 176 2358 qnod
197 2276 296 2336 vellet
315 2295 415 2337 unum
436 2284 600 2334 tractatum
623 2294 825 2355 componere,
860 2276 915 2355 qni
936 2276 1061 2339 deberet
1081 2280 1168 2341 exire
1188 2283 1227 2341 ad

91 2377 271 2458 proximam
306 2376 429 2436 missam
459 2374 773 2446 Francosordensem,
816 2373 870 2453 qui
897 2373 1023 2451 deberet
1056 2377 1227 2439 intitulari:
1275 2373 1278 2384 ’

92 2477 270 2556 &taloguc
296 2476 607 2560 Proevaricatorum,
648 2473 793 2546 licceat,
835 2474 1112 2545 Praedicatorum,
1154 2478 1228 2556 quia

88 2577 193 2637 vellet
214 2574 349 2634 scribere
367 2593 470 2633 omnes
491 2593 600 2634 eorum
621 2571 783 2653 nequitias,
806 2591 880 2650 quas
900 2571 1059 2648 fecerunt,
1081 2574 1226 2655 quiajam

90 2685 198 2736 essent
219 2675 303 2734 inter
321 2691 426 2733 omnes
440 2672 564 2733 ordines
585 2669 846 2752 nequiticsiasimi.
886 2671 1052 2751 Inprimis,
1073 2658 1227 2752 quomodo

90 2772 273 2853 contigisset
295 2773 330 2832 in
349 2773 467 2841 Berna,
506 2772 590 2851 quod
609 2770 702 2831 Prior
728 2779 760 2830 et
782 2770 966 2849 Superiores
984 2770 1228 2834 introduxerunt

5 2943 6 2952 χ
90 2856 272 2933 meretrices
292 2871 332 2932 ad
353 2873 533 2945 claustrum,
556 2883 586 2931 et
606 2868 763 2950 quomodo
782 2868 926 2931 fecerunt
946 2890 1064 2932 novum
1084 2873 1228 2934 Francis-

90 2993 183 3045 cum,
220 2982 252 3030 et
271 2973 427 3051 quomodo
444 2972 530 3032 beata
552 2971 669 3050 Virgo,
707 2981 738 3028 et
759 2979 896 3028 caeterae
918 2970 1046 3030 Sanctae
1067 2974 1229 3052 apparuis-

91 3083 161 3131 sent
191 3069 241 3128 illi
270 3069 447 3143 Nclhardc,
496 3081 527 3128 ct
555 3069 662 3144 etiam,
706 3067 860 3148 quomodo
889 3069 1036 3130 Monachi
1059 3072 1229 3148 voluerunt

91 3167 200 3252 postea
220 3168 270 3228 illi
289 3168 449 3229 Nolhardo
469 3187 625 3228 venenum
647 3168 721 3228 dare
735 3167 770 3227 in
791 3186 921 3249 corpore
941 3168 1078 3245 Christi3
1097 3179 1128 3229 et
1145 3169 1227 3249 quod
1336 3197 1339 3203 ν

92 3268 171 3328 haec
192 3267 295 3327 omnia
315 3278 415 3327 essent
434 3267 590 3347 nequitiae
613 3275 644 3326 et
663 3265 861 3347 phantasiae,
893 3268 977 3347 qnod
997 3268 1058 3346 ipsi
1078 3267 1227 3326 Monachi

93 3367 240 3428 fecerunt
268 3379 301 3426 et
329 3366 482 3446 quomodo
501 3365 613 3426 deinde
634 3374 734 3424 essent
755 3366 914 3426 combusti.
977 3363 1100 3424 Deinde
1126 3365 1228 3426 voluit

94 3484 298 3546 componere,
320 3466 473 3545 quomodo
494 3465 590 3524 semel
610 3483 691 3524 unus
711 3463 907 3524 Praedicator
927 3461 1073 3543 supponit
1092 3463 1227 3541 Mogun·

71 3545 158 3624 ¹tiae
179 3563 214 3624 in
234 3564 372 3624 Ecclesia
390 3575 462 3626 ante
482 3567 579 3624 altare
600 3582 695 3622 unam
717 3561 930 3633 meretricem,
970 3560 1093 3640 quando
1114 3561 1227 3622 deinde

95 3666 177 3726 aliae
195 3663 374 3724 meretrices
396 3665 526 3725 fuerunt
551 3663 648 3723 iratae
667 3681 760 3743 super
779 3659 884 3736 illam,
914 3669 988 3720 tunc
1008 3660 1228 3742 nuncupabant

95 3784 165 3824 eam
184 3761 357 3824 Monachus
375 3764 539 3836 meretrix,
568 3761 712 3850 'ecclesia
739 3756 906 3833 meretrix,
944 3767 974 3818 et
1001 3758 1098 3818 altare
1124 3779 1227 3818 mere-

94 3863 169 3923 trix.
231 3863 273 3921 Et
292 3861 352 3922 hcc
372 3861 539 3924 audierunt
557 3861 714 3934 homines,
751 3867 782 3919 et
802 3867 990 3938 cognoscunt
1008 3858 1102 3916 etiam
1125 3855 1227 3916 adhuc

94 3963 184 4022 illam
205 3960 417 4036 meretricem,
462 3972 493 4021 et
516 3960 587 4022 vult
613 3959 706 4020 etiam
726 3976 929 4038 componere,
970 3954 1123 4037 quomodo
1144 3975 1226 4016 nnus

94 4061 295 4122 Praedicator
326 4061 424 4123 voluit
448 4081 512 4124 unc
541 4049 643 4119 modo'
657 4057 838 4138 Mogentiae
857 4057 891 4117 in
912 4054 1045 4137 hospitio
1070 4054 1110 4115 ad
1128 4055 1227 4116 Corc-

95 4180 170 4222 nam
195 4162 341 4222 ancillam
362 4160 496 4234 lardare,
536 4159 658 4240 quando
679 4155 909 4228 Praedicatores
930 4157 969 4214 de
988 4156 1148 4236 Augsbnrg
1169 4154 1226 4214 ha·

95 4259 235 4323 buerunt
253 4281 323 4324 suas
342 4257 548 4342 indulgentias
569 4258 630 4332 ibi,
663 4255 736 4336 quia
753 4253 917 4333 jacuerunt
936 4255 970 4315 in
1000 4254 1056 4314 illc
1081 4251 1225 4334 hospitio,
