2846 4716
219 321 284 392 {effi
459 315 621 384 onemo
641 317 699 382 DE
719 315 911 384 vmrut'u
931 316 1120 384 GLAVIUM

220 482 285 546 rita
314 491 478 562 quaeratur.
534 473 710 540 Ridiculum
731 492 838 542 revera
865 463 929 557 ¹est,
959 492 994 544 ut
1016 478 1155 542 dicamus
1173 496 1261 555 eum,
1293 479 1338 591 qai

129 581 134 596 '
220 579 353 646 vinculis
367 558 557 664 peccatorum
573 601 697 642 suorum
719 557 829 661 ligatirs
844 594 889 642 est
910 591 941 642 et
959 579 1049 642 trahit
1067 593 1190 663 peccata
1210 599 1338 656 sua,sr-

222 697 273 746 cut
287 684 391 744 funem
406 680 549 766 longum,
573 695 612 759 et,
633 694 774 762 tanquam
785 679 955 766 iugelorum
968 679 1067 757 vituli,
1082 681 1258 762 iniquitates
1272 700 1339 756 suas,

221 797 345 870 propter
370 783 430 846 hoc
453 780 570 859 solum,
606 803 756 862 quoniam·
767 782 938 866 Episcopus
967 781 1078 846 dicitur
1104 784 1215 846 babere
1243 780 1339 842 buius-

222 888 308 950 modi
336 896 531 970 potestatem,
560 883 596 944 ut'
621 880 715 946 soluti
744 884 782 944 ab
804 904 842 946 eo
861 885 921 944 sint
941 881 1034 946 soluti
1055 885 1088 946 iu
1109 881 1213 958 coelo,
1241 894 1290 942 aut
1307 879 1340 940 li·

222 990 283 1076 gati
311 989 344 1050 in
373 987 459 1048 terris
485 985 547 1046 sint
565 980 650 1068 ligati
671 987 705 1044 in
726 981 822 1048 coelo.
864 983 949 1062 Quae
969 985 1062 1068 igitur
1081 984 1234 1046 dementia
1250 1005 1339 1046 toma-

222 1108 296 1154 num
323 1089 405 1172 cepit
429 1083 613 1170 praesulem,
651 1100 702 1162 ut,
730 1086 784 1166 qui
812 1082 891 1146 nihil
911 1089 1006 1148 Petri
1031 1086 1157 1164 babeat,
1184 1085 1266 1147 lranc
1292 1086 1341 1144 sibi

222 1191 371 1252 adscribat
388 1201 575 1276 potestatem,
596 1189 660 1250 imo
679 1187 801 1248 vinctus
820 1185 905 1246 vitiis
927 1199 958 1246 et
978 1186 1093 1269 angelis
1110 1201 1140 1248 ct
1156 1186 1340 1248 daemonibus

221 1283 367 1373 irnper'are
396 1289 511 1352 audeat.
560 1288 644 1350 Audi
667 1289 843 1350 Paulumt·
861 1286 901 1348 sit
927 1288 1114 1370 Episcopus,
1145 1285 1200 1369 qui
1229 1285 1341 1348 alterum

221 1391 295 1475 ligat
317 1406 348 1454 et
366 1388 476 1467 solvit,
503 1387 789 1472 irreprehensibilis,
817 1388 955 1466 sobrius,
976 1402 1091 1465 castas,
1122 1402 1264 1465 ornatus,
1290 1386 1340 1448 bo-

223 1489 543 1576 apitalis,adocibilis‚
571 1512 633 1552 non
655 1487 846 1565 vinolentus,
875 1509 937 1550 nou
957 1510 1132 1571 percussor,
1163 1488 1221 1550 sed
1243 1487 1338 1550 moda-

223 1606 304 1671 atrrs,
333 1614 396 1654 non
424 1591 591 1677 litigiosum
620 1613 682 1654 nou
704 1591 881 1672 concupitor
900 1591 1112 1673 pecuniarum,
1138 1591 1218 1652 bena
1239 1589 1339 1672 praesi-

222 1693 299 1758 dens
321 1693 424 1756 domui
446 1715 527 1756 suae.
569 1693 603 1756 si
623 1691 692 1754 talis
713 1692 813 1769 luerit,
834 1713 897 1754 non
917 1692 1029 1752 iniuste
1049 1689 1156 1775 ligabit
1177 1711 1268 1774 super
1288 1702 1339 1750 ter·

222 1819 303 1874 ram,
332 1817 431 1877 neque
459 1795 526 1856 sine
553 1794 666 1871 judicio
695 1790 815 1870 solvet,
844 1792 872 1856 si
898 1793 967 1874 quis
997 1814 1089 1870 vero,
1113 1807 1148 1854 ut
1176 1793 1220 1854 ita
1246 1791 1339 1866 dicam,

222 1897 315 1962 fuerit
328 1903 455 1973 Petrus,
477 1909 507 1956 et
527 1915 589 1958 nou
608 1894 756 1972 habuerit,
779 1915 855 1974 quae
874 1895 909 1956 iu
928 1893 989 1958 hoc
1008 1891 1078 1956 loco
1102 1894 1246 1956 dicuutur
1267 1892 1339 1974 quasi
1402 1967 1403 1980 χ

222 1999 262 2062 ad
282 1998 424 2074 Petrum,
446 2010 477 2079 et
495 1997 655 2080 putaverit,
675 2016 708 2057 se
730 2017 820 2079 posse
840 1993 942 2079 ligare,
964 2009 999 2058 ut
1018 1997 1078 2057 sint
1096 1993 1190 2081 ligata
1208 1993 1338 2068 incaelo,
1402 2009 1403 2012 ’

222 2115 254 2166 ct
267 2098 394 2176 solvere,
416 2111 451 2160 ut
468 2099 530 2160 sint
548 2095 646 2159 soluta
669 2099 702 2158 in
723 2094 826 2174 coelo,
847 2096 913 2180 ipse
935 2118 968 2159 se
990 2095 1077 2173 fallit,
1097 2119 1160 2158 uon
1182 2095 1338 2177 intelligens

221 2200 409 2264 voluntatem
436 2199 615 2282 scripturae,
644 2212 675 2260 et
698 2199 818 2258 inflatus
845 2197 954 2261 incidit
981 2198 1014 2258 in
1041 2197 1190 2276 judicium
1220 2193 1337 2258 Diaboli.

221 2304 294 2376 Non
315 2301 497 2363 adscribatur
515 2299 572 2362 ulli
593 2300 752 2362 homiuum
773 2291 885 2362 virtute
906 2297 1080 2383 evangelica
1093 2321 1185 2382 posse
1202 2298 1336 2360 dimittere

222 2403 399 2468 hominibus
420 2415 548 2484 peccata,
569 2401 825 2483 quemadmodum
845 2398 1037 2462 simulacrum
1050 2401 1110 2462 h'oc
1124 2399 1275 2484 gloriatin,
1296 2400 1338 2458 in·

223 2508 315 2582 scius,
337 2504 411 2586 quid
426 2504 538 2566 dimitti
553 2517 603 2565 aut
618 2501 698 2573 solvi
714 2517 871 2584 peccatum
887 2504 936 2564 sit.
967 2500 1044 2563 Cum
1061 2502 1140 2563 enim
1154 2504 1337 2576 disnittumur,

223 2603 390 2681 solutione,
414 2609 624 2687 Hieronymus
646 2603 696 2680 ait,
720 2625 783 2666 non
804 2603 951 2687 indigent,
975 2603 1102 2665 audiens
1122 2601 1337 2686 inEvangelio:

185 2696 191 2709 .
222 2710 353 2784 confide,
374 2705 454 2782 filia,
484 2706 674 2768 dimittuntur
694 2705 751 2766 tibi
765 2717 958 2788 peccatatua.
997 2704 1055 2767 cui
1070 2719 1171 2766 autem
1186 2703 1337 2776 columae,
1401 2711 1402 2732 ³

223 2806 559 2895 proptereasolvuntur‚
578 2805 1181 2890 quiapurgatasuntetsolutaperpoenas.
1198 2802 1336 2884 Quemad-

222 2911 377 2982 modum'
367 2931 401 2970 ru
423 2909 561 2971 Levitico
584 2908 623 2968 de
643 2907 772 2990 leprosis
792 2906 932 2992 legimus,
951 2909 1007 2970 ubi
1029 2908 1182 2986 jubentur,
1201 2921 1235 2969 ut
1249 2919 1340 2968 osten*

224 3011 296 3074 dant
322 3031 354 3070 se
382 3009 603 3086 sacerdotibus,
633 3011 710 3072 etsi
730 3007 845 3092 lepram
863 3010 1042 3086 habuerint,
1071 3022 1144 3074 amc
1165 3029 1184 3068 a
1203 3006 1337 3070 sacerdote

223 3110 330 3174 mundi
350 3112 440 3186 fiant,
467 3133 531 3172 non
560 3131 621 3192 quo
637 3110 812 3174 ‘sacerdotes
832 3109 968 3196 lepro'sos
987 3111 1100 3174 faciant
1119 3124 1150 3172 et
1170 3107 1335 3180 immundos,

224 3214 280 3276 sed
301 3234 362 3294 quo
382 3211 513 3274 habeant
532 3212 669 3274 notitiam
688 3210 801 3296 leprosi
822 3226 853 3274 et
873 3235 937 3276 nou
956 3213 1079 3296 leprosi,
1099 3227 1130 3274 et
1151 3212 1267 3295 possint
1279 3209 1333 3270 dis-

224 3337 363 3392 cernere,
392 3313 445 3394 qui
475 3313 606 3397 mundus
634 3314 728 3396 quive
747 3315 923 3376 immundus
944 3315 992 3376 sit.
1035 3313 1198 3393 Quomodo
1219 3334 1284 3397 ergo
1300 3309 1334 3370 ibi

222 3415 377 3498 leprosum
395 3414 533 3478 sacerdos
553 3415 701 3478 mundum
720 3414 773 3478 vel
792 3417 983 3479 immundum
1003 3415 1092 3495 facit,
1114 3417 1158 3484 sic
1181 3430 1212 3478 et
1234 3413 1280 3476 lric
1296 3409 1333 3470 al·

222 3517 298 3606 ligat
316 3517 370 3582 vel
389 3515 483 3579 solvit
501 3517 671 3602 Episcopus
691 3516 744 3579 vel
763 3517 941 3600 Presbyter,
970 3541 1033 3581 non
1055 3540 1124 3595 eos,
1145 3518 1201 3598 qui
1218 3515 1332 3577 insontes

221 3636 295 3686 suut
320 3618 374 3683 vel
399 3618 506 3701 ponii,
536 3620 591 3680 sed
611 3642 667 3703 pro
694 3619 794 3682 officio
822 3641 896 3699 suo,
927 3643 996 3682 cum
1016 3631 1208 3704 peccatorum
1227 3611 1333 3676 audierit

110 3777 114 3787 .
223 3707 407 3797 varietatem,
428 3721 493 3797 scit,
516 3723 569 3802 qui
582 3719 722 3804 ligandus
742 3722 795 3800 sit,
819 3723 910 3804 quive
932 3722 1110 3786 solvendus.
1150 3722 1192 3782 Et
1210 3717 1274 3799 quia
1290 3713 1331 3773 in·

223 3827 352 3888 cidimus
381 3823 414 3884 in
442 3821 520 3884 hanc
549 3822 782 3906 disputationem
810 3825 849 3887 de
877 3824 1099 3907 Episcoporum
1128 3821 1331 3884 sacerdotumve

223 3927 417 4004 auctoritate3
456 3944 601 4003 errorem,
645 3926 845 3990 invictissime
883 3927 1064 4009 Imperator,
1102 3917 1331 3996 illustrissimique

223 4027 400 4110 Principes,
427 4025 461 4086 in
487 4047 578 4106 quem
598 4049 656 4090 nos
675 4031 817 4092 meretrix
836 4027 890 4091 illa
910 4040 1086 4114 purpurata,
1115 4047 1190 4108 quae
1209 4015 1331 4107 ,saum

223 4151 346 4192 aureum
373 4128 530 4210 superbiae
551 4146 762 4211 manutenet,
784 4153 824 4194 ex
844 4153 904 4214 quo
929 4129 1066 4193 conftraio
1086 4126 1200 4204 omnis,
1224 4117 1330 4186 Brbilo·
1399 4191 1400 4200 χ

223 4230 295 4290 nica
314 4227 398 4289 enim
415 4241 476 4303 cst,
507 4241 605 4292 orbem
629 4231 733 4318 duxit,
767 4233 846 4296 libet
870 4235 904 4295 in
932 4231 1068 4294 medium
1088 4227 1228 4312 prolerre.
1262 4218 1329 4302 Epl⁴
1399 4243 1400 4278 ι

226 4341 365 4408 scopatum
377 4329 411 4390 iu
426 4327 593 4412 Evangelio
605 4335 725 4398 obruet
746 4335 942 4400 fundamento
963 4349 1064 4414 caret,
1086 4331 1214 4394 Ιιιιιιιιιιι
1233 4339 1273 4390 eti
1288 4322 1328 4382 5²¹·
