2850 4726
200 1211 1045 1332 ,Taunus

342 1437 927 1528 asuescnuarosa1n5‚

76 1635 390 1699 Boccnlonriua
415 1639 665 1720 Theologioe
683 1643 905 1724 formatus,
934 1652 1117 1728 quemvis
1138 1655 1199 1711 in-

77 1733 238 1814 dignus,
257 1738 289 1797 S.
301 1741 343 1798 D.
364 1741 726 1818 superexcellenti,
751 1765 900 1804 necnon
921 1749 1199 1830 scientificis-

76 1835 227 1924 simotV
229 1838 306 1908 iro,
325 1829 496 1928 Domino
518 1839 687 1899 Ortnino
715 1841 857 1902 Gratia
879 1846 1198 1922 Donentrienai,

131 1935 329 2008 11)θὲΜῦ
371 1937 562 2010 Oratori,
582 1952 619 1998 et
652 1939 936 2022 Philosopho,
963 1967 1114 2008 necnon

330 2037 544 2118 Theologo,
564 2050 602 2097 et
618 2039 719 2116 plna
746 2042 785 2098 ai
805 2042 937 2103 vellet.

76 2244 235 2352 Quoniam
264 2273 327 2357 (ut
354 2275 429 2340 dicit
450 2277 649 2356 Aristoteles)
678 2277 818 2340 dubitare
849 2279 888 2340 do
914 2279 1042 2363 singulis
1070 2296 1199 2348 nonest

74 2372 198 2450 inutile,
234 2385 266 2436 et
295 2377 368 2456 quia
393 2377 508 2458 legitur
537 2376 571 2436 in
592 2378 797 2438 Ecclesiaste:
840 2381 1014 2459 „Proposui
1037 2382 1198 2443 inanimo

72 2491 155 2548 meo,
177 2493 326 2553 quaerero
347 2475 580 2555 etinvestigare
611 2475 649 2534 de
671 2460 814 2536 omnibus
835 2499 913 2557 quae
933 2489 1006 2539 sunt
1026 2481 1083 2539 sub
1103 2482 1199 2541 sole.“

70 2572 170 2651 Igitur
191 2591 249 2650 ego
268 2574 414 2654 proposui
434 2575 513 2634 mihi
524 2615 533 2647 ‚
555 2592 682 2636 movere
703 2594 798 2634 unam
820 2575 1047 2656 quaestionem,
1083 2576 1199 2659 inqua

71 2671 198 2732 dubium
220 2672 333 2746 babeo,
354 2673 393 2733 ad
412 2670 656 2734 dominationem
678 2683 821 2735 vestram.
863 2674 925 2734 Sed
944 2675 1032 2756 prius
1044 2686 1199 2756 protestor

71 2789 123 2850 per
147 2773 234 2830 Deos
258 2781 379 2833 sanctos
391 2813 400 2847 ,
435 2772 517 2852 quod
542 2790 606 2830 non
633 2772 706 2832 volo
735 2781 854 2834 tentare
879 2773 1121 2836 dominationem
1142 2780 1198 2840 scu

72 2870 332 2930 venerabilitatem
353 2881 504 2947 vestram;
533 2870 587 2930 sed
608 2890 663 2950 ego
685 2871 777 2951 cupio
799 2869 1028 2934 cordialiter'et
1047 2875 1198 2938 affectuo-

71 2987 112 3040 se,
132 2967 218 3048 qnod
239 2968 399 3030 instructio
419 2991 468 3030 me
490 2989 583 3049 super
603 2969 733 3030 dubium
755 2970 844 3030 illud.
886 2972 969 3050 Quia
982 2973 1132 3054 scriptum
1152 2986 1198 3038 est

71 3065 101 3125 in
118 3067 307 3148 Evangelio,
330 3069 426 3142 „Noli
445 3078 564 3130 tentare
582 3068 756 3137 Dominum
777 3069 881 3129 Deum
901 3080 1007 3146 tuum,
1020 3075 1040 3108 “
1060 3074 1143 3152 quia,
1160 3086 1197 3137 ut

72 3164 138 3226 dicit
159 3168 329 3240 Salomon,
351 3167 401 3240 „A
420 3169 489 3226 Deo
509 3177 554 3228 est
575 3166 675 3227 omnis
695 3169 845 3248 sapientia
851 3173 890 3244 ‚“
917 3171 972 3230 aed
992 3191 1048 3230 voa
1070 3173 1196 3234 dedistis

70 3265 141 3324 mihi
161 3285 291 3324 omnem
317 3265 493 3339 scientiam,
521 3287 614 3346 quam
645 3286 700 3346 ego
729 3265 844 3341 habeo,
879 3277 911 3326 et
940 3269 1041 3352 omnis
1067 3271 1195 3330 scientia

69 3363 142 3424 bona
169 3373 218 3424 est
248 3361 337 3443 origo
363 3364 545 3444 sapientiae:
584 3383 658 3444 ergo
683 3383 739 3425 vos
770 3367 841 3425 estis
866 3365 946 3425 mihi
967 3366 1193 3445 quodammodo

69 3461 163 3538 Deus,
188 3461 262 3543 qnia
284 3462 409 3524 dedistis
432 3463 511 3524 mibi
532 3462 659 3523 initium
679 3463 864 3543 sapientiae,
887 3463 1043 3541 loquendo
1063 3467 1193 3544 poitice.

69 3560 118 3622 Eat
135 3572 243 3624 autom
262 3561 319 3620 illa
338 3563 475 3640 quaestio
497 3563 541 3622 sio
561 3562 749 3622 introducta:
793 3559 922 3646 Dudum
945 3561 1007 3620 fuit
1027 3561 1080 3620 hic
1097 3583 1193 3642 pran-

68 3659 147 3721 dium
171 3660 368 3733 Aristotelis,
388 3671 419 3720 et
431 3663 600 3732 Doctores,
623 3658 800 3732 Licentiati,
822 3677 943 3718 necnon
963 3658 1106 3738 Magistri
1120 3661 1193 3722 fue·

67 3770 136 3820 runt
153 3761 189 3819 in
211 3779 323 3840 magna
345 3761 478 3834 laetitia,
512 3770 543 3822 et
563 3779 618 3838 ego
640 3759 688 3820 fui
712 3759 802 3818 etiarn
823 3757 895 3830 ibi,.
924 3765 955 3816 et
980 3757 1114 3820 bibimus
1132 3779 1191 3840 pro

69 3856 164 3938 primo
193 3859 317 3920 ferculo
344 3869 406 3920 tres
433 3857 559 3918 haustus
587 3857 626 3918 de
646 3857 834 3932 Maluatico,
872 3865 903 3915 et
923 3874 981 3936 pro
1000 3857 1103 3935 prima
1122 3860 1192 3920 vioe
1299 3886 1302 3894 ⁴
1399 3891 1400 3900 κ

69 3954 267 4038 imposuimus
286 3959 427 4020 catnellas
445 3967 597 4029 recentes,
619 3965 651 4016 et
672 3956 803 4018 facimus
824 3955 933 4029 offam,
955 3965 986 4015 at
1007 3955 1119 4016 deinde
1133 3955 1192 4018 ba·

68 4052 186 4118 brimus
207 4075 264 4118 sex
282 4055 403 4117 fercula
423 4056 461 4116 de
482 4056 626 4116 carnibus
647 4064 678 4116 et
703 4057 842 4136 gallinis,
877 4066 910 4118 et
935 4055 1126 4135 caponibua,
1158 4067 1191 4118 et

70 4161 161 4215 nuum
185 4157 224 4218 do
252 4156 403 4237 piscibus:
443 4163 477 4214 et
492 4155 687 4236 procedendo
717 4155 756 4216 de
785 4174 849 4215 uno
878 4155 999 4216 ferculo
1030 4153 1065 4216 in
1093 4154 1188 4232 aliud,

71 4270 182 4336 semper
200 4255 337 4318 bibimus
354 4255 465 4318 vinum
484 4255 728 4334 Kotaborganse,
747 4253 929 4330 Rheneuse,
957 4263 989 4318 et
1000 4254 1188 4336 ‚cerevisiam

959 4351 981 4415 6
1096 4387 1097 4390 ,

537 4558 550 4604 t
