2872 4722
377 339 901 402 OBSCUR.V1ROR.
1150 339 1192 404 89

90 493 298 558 etuominavit
323 497 503 580 Magistrum
529 507 669 562 nostrum
688 497 815 558 Petrum
843 514 938 556 unam
958 492 1093 556 bestiam.
1153 495 1194 556 Et

90 595 154 656 dixit
172 595 253 674 quod
275 595 423 676 Magister
443 610 545 658 noster
564 597 749 677 Hogstruten
776 605 822 656 est
841 594 939 655 frater
961 594 1127 667 crescenius,
1163 603 1194 654 et

90 695 289 780 commensales
322 695 476 756 riserunt:
517 695 571 755 sed
603 715 659 776 ego
688 693 771 769 dixi,
811 693 895 774 quod
932 701 976 752 est
1008 691 1193 766 scandalum,

90 793 156 874 quod
193 814 275 854 unus
325 793 459 874 simplex
506 793 606 853 socius
652 793 742 854 debet
787 813 851 852 esee
892 790 936 852 ita
977 789 1196 854 irreverentia-

90 892 121 952 lie
149 909 247 950 coram
282 912 350 952 uno
380 893 527 974 Magistro
569 903 682 952 nostro.
752 892 793 952 Et
824 893 942 951 Doctor
980 891 1091 952 Petrae
1133 891 1196 952 fuit

90 991 123 1050 ita
137 990 242 1068 iratus,
282 991 370 1072 quod
391 991 525 1053 surrexit
551 991 589 1050 de
616 1011 737 1065 mensa,
771 1000 801 1052 et
821 990 964 1070 allegavit
980 989 1196 1070 Evangelium,

90 1088 190 1159 dicens:
210 1091 426 1151 Samaritanus
447 1111 498 1165 es,
520 1103 551 1152 et
570 1089 726 1152 diabolum
743 1089 845 1150 habes.
885 1089 925 1150 Et
946 1109 1001 1169 ego
1024 1088 1104 1152 dixi:
1136 1090 1197 1150 Ca·

88 1189 143 1268 pias
158 1188 211 1246 tibi
232 1189 312 1249 hoc:
336 1201 367 1250 et
386 1189 436 1248 fui
456 1189 546 1250 valde
566 1189 703 1270 gavisus,
723 1188 806 1269 quod
828 1187 871 1248 ita
893 1188 1017 1248 realiter
1038 1187 1197 1270 expedivit

89 1289 164 1348 illum
181 1288 378 1350 trnfatorem.
432 1287 497 1350 Vos
520 1287 633 1348 debetis
653 1287 820 1370 procedere
840 1287 874 1348 iu
894 1287 982 1348 factis
1003 1288 1125 1362 vestris,
1167 1301 1198 1351 et

89 1386 187 1448 debetis
208 1387 379 1448 defendere
398 1387 617 1468 Theologiam‚
645 1387 725 1446 sicut
742 1386 856 1446 fecistis
884 1399 989 1463 antea,
1010 1401 1042 1450 et
1059 1410 1123 1450 non
1142 1388 1199 1450 de·

88 1485 155 1546 betis
181 1486 309 1565 aliquem
336 1485 509 1564 respicere,
544 1487 611 1580 sice
631 1487 820 1561 innobilis,
856 1485 923 1548 sive
950 1489 1098 1563 rusticus,
1125 1487 1198 1568 quia

88 1585 219 1646 toseriis
246 1585 411 1645 sufficiens.
473 1585 508 1646 si
534 1584 643 1646 scirem
662 1585 705 1644 ita
724 1585 827 1649 facere
848 1586 999 1661 carmina,
1033 1587 1112 1650 sieut
1132 1607 1197 1664 vos,

89 1703 138 1765 ego
156 1705 216 1744 uon
235 1705 379 1744 curarem
400 1705 500 1745 unum
521 1686 715 1767 Principem,
753 1688 844 1748 etiam
870 1686 897 1746 si
916 1687 1011 1748 vellet
1032 1707 1082 1747 me
1101 1686 1199 1748 iuter-

89 1783 185 1844 ficere.
222 1785 280 1843 Sed
297 1783 374 1844 alies
396 1805 464 1844 enm
486 1785 630 1846 inimicus
650 1785 848 1864 insistas-um,
869 1786 941 1866 quia
960 1787 1077 1848 vadunt
1096 1785 1130 1846 in
1143 1806 1199 1845 ru·
1264 1861 1266 1868 Α

90 1882 153 1943 beia
172 1883 285 1966 caligis,
305 1897 337 1944 et
352 1884 392 1950 ¹iu
413 1885 561 1946 merdaris
583 1885 697 1960 scubia,
719 1896 750 1946 et
771 1907 834 1946 non
856 1886 975 1949 faciunt
995 1885 1127 1948 debitum
1148 1903 1200 1944 re-

90 1984 248 2042 verentiam
267 1984 440 2064 Magistro,
464 1994 493 2043 et
514 1985 669 2066 Magistris
689 1987 809 2047 nostris.
848 1987 913 2066 Ego
937 1987 1028 2048 etiam
1050 1997 1122 2066 peto
1142 2003 1200 2046 vos
1242 1973 1244 1988 '
1328 1967 1331 1985 ¹

91 2079 253 2158 humiliter,
286 2103 412 2142 necnon
435 2083 654 2160 affectualiter,
683 2100 831 2167 quatenus
850 2085 1090 2166 significaveritis
1112 2081 1200 2156 mihi,

93 2183 230 2259 quomodo
249 2195 308 2242 stat
330 2182 364 2242 in
383 2183 539 2244 Porrhisiu
561 2207 630 2246 oum
651 2188 776 2266 speculo
800 2182 925 2246 oculari.
972 2188 1058 2246 Deus
1077 2182 1200 2257 tmbuut,

94 2281 164 2358 quod
182 2283 261 2341 alma
280 2295 380 2342 mater
407 2283 595 2346 Universitas
616 2286 762 2346 Parrhisi.
795 2285 871 2346 velit
897 2297 1003 2344 tenere
1030 2283 1201 2355 nobiseum,

93 2390 118 2438 et
138 2383 314 2444 comburere
334 2383 423 2444 illum
442 2383 632 2460 haereticum
650 2386 785 2459 librum,
806 2383 879 2465 quio
897 2383 990 2444 babet
1003 2382 1101 2442 multu
1114 2401 1203 2440 scarr-

93 2477 164 2554 dala,
182 2481 261 2542 sieut
279 2483 399 2564 scripsit
414 2486 563 2566 Magister
580 2496 684 2548 noster
704 2488 876 2564 Tungarua.
916 2483 980 2561 Ego
1001 2479 1107 2540 audivi
1121 2477 1205 2558 quod

91 2579 234 2659 Magister
252 2593 354 2662 noster
373 2583 501 2665 Sotpbi,
534 2586 570 2645 iu
588 2585 681 2646 bursa
700 2585 826 2658 Rueck,
862 2583 917 2663 qui
947 2579 1118 2661 composuit
1137 2577 1205 2658 glo-

93 2697 149 2738 tam
174 2682 339 2742 notabilem
365 2705 458 2766 super
484 2695 616 2766 quatuor
641 2696 743 2767 partes
763 2684 949 2757 Alexandri,
984 2691 1029 2742 eet
1047 2690 1203 2740 mortuus:

95 2779 140 2838 sed
157 2800 245 2860 spero
266 2783 352 2864 quod
370 2805 433 2845 non
456 2795 501 2848 est
520 2805 646 2862 verum3
674 2785 748 2867 quia
769 2785 832 2846 fuit
853 2783 1006 2844 excellens
1027 2780 1123 2840 viret
1142 2777 1207 2838 fuit

96 2879 255 2957 profundus
276 2885 522 2960 Grammaticus,
558 2898 588 2946 et
616 2886 679 2948 fuit
703 2887 782 2946 bene
810 2885 923 2946 melior
943 2902 1034 2963 qnam
1059 2878 1109 2941 isti
1129 2877 1206 2940 novi

98 2979 281 3044 Grammatiei
309 2984 455 3044 Poetales.
517 2986 658 3046 Salutare
686 2985 775 3048 etiam
803 2982 971 3063 dignemini
997 2980 1074 3064 mibi
1106 2977 1234 3060 Magi-⁸

99 3089 180 3142 strom
198 3083 395 3163 Remigium,
437 3084 495 3164 qui¹
511 3084 571 3146 luit
591 3086 666 3145 olim
686 3087 869 3164 Praeceptor
895 3105 982 3145 meus
1001 3080 1207 3162 singularissi-

99 3197 164 3254 mus,
184 3192 213 3242 et
230 3205 325 3264 saepe
347 3183 431 3244 dedit
450 3183 529 3244 milri
548 3185 642 3245 bonas
662 3206 774 3260 vexas,
793 3185 915 3267 quondo
935 3183 1016 3244 dixit
1037 3181 1133 3242 mibi:
1155 3181 1207 3240 'l'u

102 3297 128 3336 ee
143 3280 214 3342 sient
232 3303 330 3357 anca,
360 3295 391 3340 et
408 3303 472 3346 non
488 3282 535 3344 vis
555 3284 693 3358 studere,
721 3286 804 3366 quod
823 3286 877 3346 fias
899 3303 1025 3362 magnus
1045 3297 1210 3357 argumen-

101 3385 175 3440 tator.
211 3383 254 3443 Et
275 3401 335 3462 ego
353 3382 436 3442 dixi:
457 3383 581 3442 Eximio
600 3385 736 3445 Domine
757 3386 903 3462 Magister
925 3393 1044 3454 noster,
1066 3398 1122 3458 ego
1136 3375 1209 3436 volo

103 3495 144 3536 ne
160 3482 323 3542 emendare
350 3481 385 3540 in
405 3491 579 3563 posterum,
616 3493 691 3544 tunc
717 3482 881 3564 aliquando
909 3478 1026 3540 dimisit
1050 3497 1117 3550 me,
1152 3473 1211 3532 ali-

104 3579 209 3653 quando
228 3579 315 3641 dedit
336 3581 414 3641 mihi
433 3581 546 3642 honam
567 3582 778 3664 disciplinam,
799 3590 830 3641 et
849 3598 907 3660 pro
926 3589 1000 3638 tunc
1023 3595 1078 3660 ego
1099 3573 1150 3635 fui
1167 3573 1212 3631 ita

104 3673 252 3754 decretum
286 3681 370 3760 quod
395 3680 528 3741 libenter
555 3683 659 3764 accepi
692 3681 896 3742 correctiones
928 3671 986 3758 p'ro
1017 3671 1212 3757 negligentiis

104 3776 176 3836 meis.
215 3779 300 3851 ¹Sed
319 3779 402 3840 nihil
421 3781 553 3862 amplius
572 3782 670 3843 habeo
692 3781 781 3842 vobis
800 3779 950 3854 scribere,
988 3771 1214 3859 praeterquod

104 3873 192 3934 velitis
210 3877 319 3943 vivere
340 3891 462 3942 eentum
482 3901 596 3959 annos,
617 3892 649 3944 et
667 3883 767 3945 valete
785 3881 821 3942 in
840 3879 955 3963 requie.
1014 3880 1131 3938 Datum
1142 3873 1215 3935 Mo-

106 3975 222 4048 guntiae.
