2896 4716
226 339 291 404 aaa
590 318 991 406 arrsronar

224 497 286 570 sio,
329 509 361 558 et
379 509 510 579 surgant
534 499 626 560 multi
647 498 805 561 Haeretici
832 495 1180 572 etszeudootriniant,
1216 497 1357 557 tamnes

108 607 111 622 ¹
223 577 381 656 Renchlin
393 639 403 670 ,
443 600 588 659 Erasmus
609 600 849 672 Roterodamns,
882 599 1071 672 Bilibaldns,
1104 596 1302 676 nescioquis
1326 606 1357 656 et

225 695 349 756 Ulricus
370 697 547 771 Huttenns,
575 696 957 773 Hermannm'nuschiua
985 698 1116 758 lacobus
1137 693 1358 776 Wimphelin-

223 815 296 875 gns,
331 795 386 876 qui
404 795 527 877 scripsit
547 809 655 858 contra
677 797 937 879 Augustinenses,
980 807 1010 857 et
1031 795 1225 856 Sebastianus
1246 797 1356 867 Brent,

223 894 278 974 qni
298 894 421 975 scripsit
442 907 550 956 contra
568 897 816 970 Praedicatores,
852 893 949 975 (quod
977 895 1016 955 sit
1036 896 1105 955 Deo
1127 894 1356 973 conquestum),

125 1015 129 1034 ¹
223 1003 254 1054 et
273 993 438 1054 temerarie
456 993 613 1075 vituperat
633 1015 695 1056 eos.
755 985 806 1056 Et]
825 993 870 1054 sic
890 996 987 1055 multa
1007 993 1149 1053 scandala
1169 1003 1300 1074 surgunt
1321 993 1356 1052 in

222 1093 304 1167 lide,
325 1103 357 1152 et
375 1093 454 1152 bene
476 1093 569 1151 credo
582 1093 694 1168 vobis,
715 1094 788 1174 quia
806 1090 887 1172 legi,
910 1094 994 1174 qnod
1013 1093 1087 1153 talia
1110 1093 1221 1153 debent
1242 1093 1357 1150 imme-

223 1192 305 1251 diate
326 1191 511 1271 praecedere
532 1202 705 1252 extremum
724 1193 883 1273 judicium.
932 1192 993 1252 Sed
1013 1192 1114 1252 adhuc
1136 1192 1208 1252 volo
1235 1190 1357 1270 signifi·
1436 1201 1437 1238 ὲ

161 1287 165 1294 ’
223 1310 293 1350 aare
312 1291 418 1364 vobis,
440 1289 523 1366 quod
545 1292 670 1365 audivi,
702 1302 734 1352 et
753 1291 869 1352 dictum
890 1302 936 1352 est
960 1291 1041 1352 mihi
1061 1290 1271 1352 veraciter'ab
1292 1311 1356 1348 nno

221 1388 380 1469 Religioso
409 1391 516 1461 Patre,
561 1391 644 1467 qood
670 1391 784 1461 dicitur
809 1411 868 1472 pro
897 1400 996 1450 certo:
1038 1390 1121 1470 qnod
1147 1388 1357 1461 Antichristus

222 1499 268 1549 est
288 1500 393 1559 natus,
415 1487 470 1548 sed
491 1497 536 1548 est
555 1489 656 1548 adhuc
677 1511 801 1570 parvus.
863 1490 965 1550 Etiam
987 1488 1084 1563 dixit,
1105 1488 1188 1568 quod
1210 1488 1292 1547 facte
1312 1495 1357 1546 cst

219 1587 372 1668 quaedam
394 1585 544 1646 revelatio
566 1589 687 1647 cuidam
710 1588 839 1649 Ordinis
858 1587 1143 1661 Carthasiensium,
1164 1588 1218 1668 qui
1232 1586 1356 1667 quando
1436 1659 1437 1674 ἵ

220 1687 318 1746 semel
338 1684 488 1745 dormivit
508 1684 541 1742 in
563 1687 641 1744 cella
654 1670 730 1762 'sua,
752 1688 873 1749 audivit
892 1707 987 1748 noem
1006 1707 1113 1750 vocem
1136 1685 1174 1746 de
1195 1687 1283 1745 coelo
1307 1684 1358 1744 di-

219 1794 358 1844 centem:
400 1783 519 1842 Peribit
544 1787 695 1861 mandus,
737 1788 852 1868 peribit
881 1786 1031 1858 mundus,
1065 1786 1180 1865 peribit
1214 1783 1356 1844 mundus.

221 1885 312 1942 Tunc
332 1881 387 1941 ille
405 1882 579 1960 Religiosus
599 1885 724 1959 timuit,
761 1897 792 1945 et
811 1885 912 1947 voluit
930 1883 1048 1964 aliquid
1071 1885 1191 1959 dicere,
1227 1884 1282 1944 sed
1303 1903 1357 1941 oc-
1434 1883 1437 1908 ⁴

221 1982 304 2042 culte
324 1981 399 2040 fecit
420 1982 572 2043 orationes
592 2005 662 2044 suas
683 1995 790 2044 contra
810 1984 1011 2047 tentationem
1027 1983 1151 2044 diaboli.
1195 1985 1289 2066 Tunc
1304 1984 1357 2042 in·

222 2081 305 2162 cepit
324 2081 438 2140 iterum
458 2081 590 2140 clamare
610 2084 767 2158 vexilla,
801 2094 831 2144 et
851 2079 942 2145 etiam
963 2082 1053 2143 tertio
1074 2081 1197 2162 incepit.
1263 2084 1356 2142 Tunc

219 2182 289 2262 ipse
310 2180 487 2262 intelligens
506 2182 541 2240 in
560 2181 687 2262 spiritu,
714 2183 797 2263 quod
818 2193 894 2244 esset
914 2202 979 2243 vox
999 2178 1144 2255 Domini,
1176 2181 1355 2261 respondit:

220 2280 373 2352 Domine,
395 2280 514 2359 qnarel
535 2281 706 2362 Respondit
727 2282 874 2343 vexilla:
894 2285 1162 2364 Broptcrpcccata
1175 2300 1238 2338 sua.
1261 2282 1355 2340 'l'nnc

144 2439 147 2441 .
220 2379 334 2440 iterum
356 2380 435 2439 dixit
453 2380 641 2458 Religiosus:
684 2383 820 2444 Domine
840 2382 985 2462 qnando?
1006 2379 1178 2462 Respondit
1200 2379 1354 2438 vexilla:

154 2474 158 2479 ⁴
220 2479 333 2542 Adhuc
353 2478 387 2538 in
408 2479 513 2538 decem
533 2479 631 2537 annis.
693 2481 862 2560 Propterea
889 2482 984 2542 timeo
1006 2481 1106 2544 valde.
1167 2480 1207 2539 Et
1229 2477 1354 2558 quando

220 2577 377 2639 ambulavi
397 2598 455 2658 per
475 2577 664 2651 Bononiam,
687 2579 812 2652 audivi,
835 2580 984 2660 quodibi
1005 2589 1050 2639 est
1070 2599 1151 2639 unua
1172 2577 1265 2649 civis,
1297 2575 1353 2654 qui

219 2659 312 2738 nabet
331 2678 493 2758 spanum,
515 2679 570 2755 qui
589 2687 718 2736 vocatur
737 2678 842 2752 nnn,
864 2689 894 2738 et
913 2679 969 2738 ine
988 2678 1113 2758 spiritus
1135 2677 1291 2738 mirantia
1303 2674 1353 2732 ni-

220 2779 262 2838 cit
284 2778 314 2836 ei
335 2777 373 2836 de
394 2777 479 2855 Rege
502 2775 668 2848 Franciae,
705 2787 735 2834 et
755 2777 959 2857 Imperatore,
992 2790 1023 2836 et
1045 2779 1162 2858 Papa,'
1180 2787 1211 2840 et
1229 2775 1268 2834 de
1288 2774 1352 2832 fine
1437 2797 1438 2848 ᾗ

220 2878 339 2938 mundi.
401 2876 466 2954 Ego
487 2874 549 2954 legi
569 2874 747 2954 prophetias
767 2875 841 2954 ejus.
883 2878 935 2936 Sic
960 2879 1071 2958 scripsi
1092 2876 1198 2952 vobis,
1218 2874 1281 2954 qui,
1294 2892 1350 2952 ego
1437 2907 1438 2952 l

219 2977 293 3038 scio.
320 2975 414 3035 ¹(lum
436 2975 496 3034 hoc
516 2972 583 3032 sitis
600 2975 835 3044 commendatus
856 2975 994 3038 Domino
1013 2977 1091 3037 Deo.
1114 2978 1155 3036 D.
1168 2977 1207 3036 Κ.
1215 2971 1256 3036 L.
1329 3008 1332 3014 ·
1437 2957 1438 3020 Ῑ

439 3157 600 3216 Henricus
611 3157 762 3216 Sohluntz
782 3162 830 3219 M.
853 3160 986 3220 Ortuino
1011 3161 1131 3221 Gratia.

302 3273 481 3338 Amicitiam
508 3284 538 3333 et
563 3274 743 3334 servitutem
771 3274 975 3336 dominationi
995 3287 1114 3339 vestrae
1134 3298 1152 3336 a
1170 3283 1265 3357 partie*
1279 3282 1351 3332 ante

219 3395 360 3456 semper,
384 3381 415 3432 et
435 3372 581 3453 quicquid
600 3393 726 3453 possum
745 3395 804 3455 pro
825 3375 1036 3436 dominatione
1057 3389 1158 3438 vestra
1171 3375 1223 3434 hic
1235 3384 1266 3433 et
1278 3371 1351 3430 nbi-

154 3511 159 3522 ·
220 3497 297 3556 que,
338 3484 368 3534 et
397 3472 432 3532 in
462 3473 604 3531 omnibus
624 3472 718 3540 locis,
753 3485 783 3532 et
803 3473 954 3546 honestis!
996 3471 1351 3536 VenerabilisDominc

116 3592 120 3600 ‘
158 3599 164 3604 ’
218 3573 381 3653 Magister,
422 3571 510 3630 mitto
538 3571 742 3632 dominationi
770 3582 891 3632 vestrae
919 3573 972 3634 hic
1003 3593 1109 3649 unum,
1126 3572 1294 3634 notabilem
1319 3578 1351 3628 et

218 3673 350 3733 multum
371 3669 572 3751 prolicualem
593 3671 724 3743 librum,
751 3680 781 3730 et
799 3671 924 3732 videtur
943 3672 1037 3748 mihi,
1073 3673 1156 3754 quod
1177 3671 1248 3732 talis
1268 3670 1367 3754 libet·¹

219 3784 265 3855 est
285 3770 471 3849 compositus
485 3771 632 3844 ‚multum
653 3769 868 3843 artificialiter,
908 3768 1024 3833 habens
1052 3773 1086 3833 in
1107 3793 1140 3834 se
1160 3769 1351 3854 propositio·

218 3892 274 3932 nes
296 3869 386 3930 valde
404 3868 609 3948 magistrales,
637 3879 668 3929 et
683 3879 812 3929 vocatnr
832 3871 1024 3930 Ratinonale
1038 3875 1250 3944 Divinorum5
1292 3887 1349 3946 ego

219 3971 283 4030 emi
304 3969 374 4041 hic,
413 3969 536 4046 quando
558 3967 608 4028 fui
630 3966 665 4026 in
684 3967 840 4041 nundina,
871 3979 902 4028 et
923 3963 1006 4031 dixi:
1046 3965 1205 4032 iste'liber
1227 3977 1272 4030 est
1290 3986 1350 4047 pro

217 4069 367 4148 Magistro
388 4065 537 4141 Ortuiao,
555 4067 703 4127 laudetur
723 4068 827 4139 Dens,
848 4068 931 4147 quod
950 4070 1058 4132 inveni
1080 4090 1168 4144 eum,
1188 4067 1262 4148 quia
1275 4067 1349 4127 volo

220 4170 250 4227 ei
271 4167 407 4240 mittere,
452 4165 533 4225 sicut
559 4165 625 4245 ipse
649 4187 751 4247 nuper
769 4165 854 4227 misit
875 4168 955 4230 mihi
974 4170 1090 4230 librum
1110 4167 1237 4234 loannis
1256 4165 1350 4226 Ples-

220 4267 369 4341 ferlmrn,
404 4264 460 4344 qui
487 4264 665 4343 intitulatur
697 4266 845 4328 Defensio
871 4269 996 4332 Ioannis
1019 4267 1220 4332 Pfefferkorn
1241 4274 1349 4330 contra
