2840 4718
184 282 248 349 456
507 288 703 354 IULIUS.
727 291 1003 358 EXGLUSUS.

187 443 300 506 mundi
320 445 476 530 despexit,
496 448 687 512 mundanum
706 459 875 531 tyranuum
899 452 982 534 agis,
1017 461 1059 530 et,
1077 473 1178 516 -rcrus
1199 447 1312 516 Christi

45 601 49 612 ,
129 567 132 576 ·
186 542 304 621 hostis,
326 547 424 630 exigis
442 548 594 611 honorem
615 549 740 612 Christo
765 549 911 612 debitum.
958 553 1225 630 Benedicismliis,
1252 555 1313 634 ipse

185 645 381 712 maledictus.
429 649 541 732 Aperia
569 649 639 711 aliis
654 651 804 724 eornm,
846 651 930 712 unde
960 653 1027 736 ipse
1046 657 1157 736 procul
1178 655 1315 714 exclusus

188 763 232 804 es.
270 746 448 824 consecras,
469 759 637 812 execratus.
676 750 948 827 Excommunicas,
984 753 1036 813 cui
1065 751 1147 812 nihil
1175 765 1221 812 est
1249 771 1315 812 cum

188 845 301 907 saumis
319 867 493 910 commune.
556 849 644 930 Quid
674 852 758 910 enim
786 849 870 911 inter
891 862 923 910 te
949 861 980 914 et
1004 854 1180 914 'l'urcarum
1200 853 1316 926 ducem,

189 943 252 1010 nisi
272 947 357 1028 quod
374 929 411 1011 tu
431 948 550 1010 Christi
575 949 761 1011 vocabulum
787 951 967 1034 praetexis'?
1029 953 1121 1013 Certe
1155 972 1243 1012 mens
1269 973 1318 1012 ea·

190 1043 282 1122 dem,
320 1048 497 1109 consimiles
523 1048 606 1109 vitae
634 1049 749 1110 sordes.
802 1051 855 1110 Tu
883 1048 984 1129 major
1001 1049 1084 1110 orbis
1105 1051 1211 1131 pestis.
1258 1051 1318 1118 Jul.

193 1142 233 1205 At
253 1163 309 1223 ego
328 1147 490 1227 cupiebam
523 1148 680 1209 ecclesiam
712 1147 855 1208 omnibns
888 1149 978 1210 bouis
1005 1162 1196 1211 exornatam.
1261 1149 1320 1209 Sed

185 1243 394 1312 Aristotelem
413 1247 500 1308 aiunt
529 1257 592 1308 tres
619 1249 772 1310 bonorum
800 1247 925 1308 ordines
944 1249 1148 1324 constituere,
1183 1269 1318 1330 qnorum

191 1345 342 1423 quaedam
364 1355 437 1406 suut
456 1346 616 1423 fortunae,
661 1349 810 1428 quaedam
836 1347 991 1429 corporis,
1034 1347 1185 1430 quaedam
1215 1346 1318 1407 animi.

190 1442 300 1524 Itaque
321 1445 465 1506 nolebam
484 1446 639 1509 bonorum
661 1446 802 1508 ordinem
832 1447 999 1508 invertere.
1039 1450 1068 1508 A
1090 1447 1238 1508 fortunae
1265 1447 1321 1506 ho-

190 1541 242 1603 nis
262 1545 369 1627 coepi,
388 1544 518 1606 fortasse
536 1546 684 1626 paulatim
707 1546 745 1608 ad
767 1545 864 1607 animi
874 1545 956 1606 bona
970 1553 1129 1620 venturus,
1152 1546 1215 1606 nisi
1231 1567 1320 1629 prae-

191 1651 314 1705 matura
333 1665 417 1706 mors
437 1644 528 1706 terris
546 1665 595 1705 me
610 1646 778 1728 eripuisset.
819 1649 889 1708 Pet.
907 1645 1106 1707 Praematura
1125 1665 1212 1722 saue,
1232 1665 1320 1706 uena-

192 1759 234 1823 pe
254 1744 532 1828 septuagenarium,
554 1765 729 1826 quanquam
751 1744 827 1826 qnid
848 1763 926 1825 opus
941 1755 1017 1820 erat,
1037 1765 1147 1824 uquam
1169 1745 1237 1827 igni
1249 1745 1321 1804 mis-

192 1843 288 1904 cere?
324 1871 326 1878 ·
355 1844 419 1905 tut.
447 1843 544 1923 Atqui
571 1844 599 1904 si
625 1845 736 1908 desunt
755 1845 813 1904 iste
832 1843 1008 1918 commoda,
1048 1843 1160 1924 vulgus
1179 1863 1237 1904 nos
1259 1863 1321 1904 uon

115 2024 118 2029 Ι
192 1941 254 2028 pili
274 1942 377 2004 faciet.
434 1942 521 2021 Quin
547 1963 633 2004 nunc
657 1963 781 2026 quoque
803 1952 947 2002 metuunt
967 1952 998 2004 et
1017 1942 1158 2004 oderunt.
1220 1944 1322 2022 Atque

191 2037 238 2100 ita
255 2049 320 2104 tota
339 2041 512 2126 respublica
532 2042 698 2104 christiana
719 2037 938 2117 collaberetur,
969 2040 1005 2100 ni
1024 2051 1132 2101 contra
1156 2043 1225 2103 vius
1254 2042 1319 2102 ini-

191 2137 347 2203 micorum
366 2160 431 2206 sess
450 2141 532 2206 tueri
551 2151 651 2224 queat.
713 2145 785 2204 Pet.
804 2142 873 2202 lmo
892 2141 919 2202 si
941 2140 1190 2202 Christianorum
1210 2142 1320 2220 vulgus

193 2240 387 2321 conspiceret
405 2243 440 2304 in
468 2253 500 2304 te
520 2261 609 2318 veras
630 2240 746 2306 Christi
767 2242 871 2315 dotes,
904 2259 1018 2320 nempe
1047 2240 1131 2302 vitae
1156 2241 1323 2300 sanctimo-

147 2351 152 2359 ‘
191 2337 296 2410 niam,
316 2361 433 2404 sacram
455 2342 647 2415 doctrinam,
679 2341 859 2404 charitatem
886 2338 1083 2421 flagrantem,
1111 2340 1320 2421 prophetiam,

191 2437 343 2519 virtutem
371 2439 432 2502 hoc
451 2449 483 2503 te
505 2441 600 2523 magis
619 2442 804 2523 suspiceret,
823 2458 886 2520 quo
908 2459 928 2499 a
947 2439 1056 2498 mundi
1075 2441 1246 2502 commodis
1274 2442 1323 2500 in·

114 2535 116 2539 ’
191 2537 348 2620 telligeret
373 2539 581 2602 mundiorem.
640 2542 682 2604 Et
708 2538 879 2604 christiane
903 2538 1078 2618 respublica
1104 2539 1198 2600 letius
1228 2538 1323 2599 ilorc-

191 2644 258 2712 ret,
286 2638 314 2698 si
333 2641 469 2722 puritate
489 2639 589 2714 vitae,
631 2640 863 2720 sicontemptu
882 2638 1096 2718 voluptatum,
1131 2637 1324 2714 divitiarum,
1418 2709 1419 2720 χ

122 2739 124 2743 “
192 2731 337 2818 imperii,
356 2741 466 2802 mortis
499 2738 665 2820 gentilibus
695 2751 773 2800 esset
792 2736 980 2800 admirande
1021 2739 1115 2800 Nunc
1139 2757 1206 2798 non
1222 2739 1323 2800 solnm

193 2845 351 2920 vennesta
369 2839 469 2901 estin
489 2839 710 2920 angustissima,
728 2836 957 2912 verumetiam,
977 2835 1005 2898 si
1024 2837 1204 2918 diligentius
1228 2859 1323 2900 excu-

193 2933 269 3011 tiss,
286 2937 451 3019 plenosque
471 2938 598 2998 nomine
619 2939 769 3000 duntaxat
786 2935 928 3000 iuvenies
947 2935 1165 3003 Christianos,
1197 2939 1323 3016 Quaeso

193 3029 326 3097 tes'nou
333 3039 496 3120 reputebas
506 3049 618 3112 tecum,
639 3057 796 3100 cumesses
807 3055 946 3100 summus
962 3036 1107 3096 ecclesiae
1118 3046 1233 3117 pastor,
1253 3038 1324 3119 qui-
1417 3103 1418 3110 χ

192 3131 253 3194 hus
272 3137 373 3198 modis
391 3147 465 3198 nata
486 3148 564 3198 esset
578 3126 717 3215 ecclesia,
737 3137 849 3218 quibua
863 3143 960 3209 aucta,
980 3135 1093 3216 quibua
1107 3136 1324 3198 constabilita?

192 3230 280 3294 Num
299 3235 398 3312 bellis,
417 3257 494 3297 uum
513 3235 633 3316 opibus,
654 3256 731 3298 num
754 3234 862 3316 equis?
903 3235 973 3294 Imo
992 3235 1152 3316 patientia,
1173 3237 1324 3317 sauguine

192 3343 367 3416 martyrum
397 3345 429 3396 et
457 3345 579 3410 nostro,
615 3335 803 3410 carceribus,
840 3332 953 3414 flagris.
995 3335 1047 3394 'I'n
1067 3334 1228 3422 ecclesiam
1246 3335 1322 3396 dicia

74 3415 77 3424 ’
192 3421 331 3510 auctam,
350 3455 423 3496 cum
442 3434 579 3496 humana
597 3433 716 3496 ditione
735 3432 856 3494 onerati
874 3442 946 3494 sunt
966 3431 1054 3492 illius
1072 3431 1218 3494 ministri.
1258 3434 1323 3494 Or-

192 3540 298 3595 natam
329 3553 439 3610 roem,
478 3554 550 3596 cnm
582 3534 694 3595 mundi
720 3531 902 3595 muneribus
927 3549 963 3592 ac
987 3530 1103 3592 delitiis
1131 3531 1324 3610 inquinatur.

193 3615 364 3695 Defensam
386 3634 538 3716 appellas,
557 3653 630 3696 cum
649 3651 708 3712 pro
729 3630 922 3692 sacerdotum
941 3631 1065 3711 peculio
1093 3632 1230 3692 muudus
1248 3633 1324 3691 uni-
1416 3659 1417 3688 ;

194 3751 301 3794 versus
320 3733 411 3795 bellis
424 3732 690 3814 pernitiosissimis
702 3729 904 3792 conflictatur.
944 3728 1228 3804 mansuetndinis,
1250 3749 1321 3790 eum

193 3831 306 3914 mundi
326 3833 536 3914 voluptatibus
557 3833 643 3894 ebria
663 3841 716 3894 est.
756 3827 991 3910 Tranquillum,
1026 3849 1105 3904 cum,
1126 3829 1252 3889 nemine
1270 3847 1323 3888 re-

139 3943 144 3954 ’
193 3927 356 4006 clamante,
378 3929 506 4009 divitiis,
525 3930 686 3994 imovitiis
706 3929 832 3992 fruitur.
876 3930 979 4006 Atque
1001 3928 1051 3988 his
1067 3928 1227 3990 bracteatis
1245 3926 1323 3986 titu-
1415 4001 1416 4018 χ

193 4029 235 4090 lis
255 4031 453 4112 Principibus
480 4029 673 4112 imposuisti:
692 4027 747 4110 qui
758 4069 768 4102 ,
798 4039 830 4088 te
852 4035 1053 4109 praeceptore
1073 4024 1175 4101 docti,
1212 4043 1324 4104 magna

194 4147 251 4187 sna
270 4130 433 4189 latrocinia
452 4149 489 4190 ac
502 4127 638 4190 furiosos
651 4126 812 4191 contrictos
830 4125 949 4190 Christi
972 4125 1187 4190 defensionem
1201 4133 1322 4186 rocam.

187 4226 259 4284 ‘Iul
282 4229 377 4308 Atqui
396 4228 455 4294 ista
474 4245 633 4308 nunquam
653 4223 781 4288 antelmo
801 4225 921 4303 audivi,
961 4229 1032 4288 Pet.
1052 4224 1137 4304 Quid
1157 4226 1254 4308 igitur
1264 4223 1323 4284 do-
