2896 4716
202 327 265 392 218
360 313 362 324 '
530 297 973 392 'urrsrousu

201 494 257 548 net
276 483 453 566 oppositum
473 449 655 565 Imperatori
685 497 716 546 et
734 493 824 547 vocat
844 503 916 546 eum
935 483 1135 564 mendacema
1172 486 1247 568 qnia
1265 489 1336 548 Do·-
1442 495 1443 504 ’

201 585 306 646 minus
328 586 500 666 Imperator
520 585 553 644 in
575 583 714 663 Epistola
733 567 848 646 sua'ad
867 585 1003 666 Papam,
1032 595 1063 646 et
1083 585 1175 646 etiam
1195 587 1230 646 in
1252 589 1338 650 usul-
1442 565 1443 580 ἵ

78 675 83 690 “
193 685 242 746 ris
271 685 422 744 mandatis
455 677 499 744 οῖ’
522 682 809 758 commissionibus,
851 683 926 744 bine
956 685 1030 745 inde
1067 673 1336 750 vocat'Josnsem
1442 717 1443 724 κ

201 783 357 847 Reuchlin
371 803 459 843 suum
484 781 607 843 fidelem
629 782 839 846 consiliarium
861 793 894 844 et
912 785 1128 844 consultorem.
1190 787 1334 864 Quomo-
1442 785 1443 848 j

202 882 243 942 do
263 901 318 960 ego
338 890 438 960 posset
458 881 606 962 majoiem
627 882 849 961 blasphemiam
869 883 988 958 facere,
1013 904 1107 965 quam
1126 903 1238 944 vocare
1262 905 1335 946 eum
1442 913 1443 924 ¹

201 979 402 1040 mendacem?
444 980 534 1040 Unde
564 981 820 1042 irremissibiliter
847 983 964 1046 meruit
991 1004 1123 1064 poenam
1141 985 1242 1043 laesae
1262 985 1336 1044 Ma-
1442 989 1443 996 ³

199 1080 322 1160 jestatis.
363 1080 563 1158 Respondeo,
593 1081 676 1160 qnod
695 1080 750 1139 ille
770 1090 871 1140 textus
885 1081 1119 1162 distinguendus
1140 1095 1185 1146 est
1205 1091 1236 1143 ct
1252 1104 1335 1162 pun-

201 1179 344 1250 ctandus,
364 1177 409 1237 ita
428 1190 462 1238 ut
482 1190 551 1258 post
572 1173 639 1238 hoc'
652 1181 782 1242 verbum
806 1179 977 1258 Maiestatis
1000 1192 1157 1262 ponantur
1172 1183 1235 1242 duo
1252 1203 1335 1264 pun·

176 1287 258 1338 ¹cta.
316 1277 400 1356 Quia
414 1278 576 1338 ‘Reuchlin
596 1280 678 1338 forte
707 1290 754 1339 est
775 1277 874 1338 fidelis
897 1281 1056 1344 consultor
1076 1281 1276 1363 Imperatoris
1298 1283 1333 1340 in
1442 1351 1443 1362 2

200 1377 267 1437 suis
286 1377 396 1438 rebus:
437 1378 491 1436 sed
512 1398 577 1438 non
599 1379 662 1439 fuit
689 1375 789 1436 fidelis
808 1379 940 1442 loannes
959 1380 1177 1454 Pfefferkorn,
1211 1381 1334 1460 stipae
1442 1423 1443 1434 ,

199 1477 310 1557 probat
330 1475 436 1536 multis
454 1479 652 1557 argumentis.
710 1477 751 1536 Et
772 1497 844 1556 ergo
865 1498 957 1538 nemo
981 1480 1071 1541 debet
1092 1489 1224 1562 putare,
1248 1479 1332 1558 quod
1442 1551 1443 1554 Ἴ

199 1578 331 1636 Ioannes
350 1575 549 1635 Pfefferkorn
567 1577 707 1654 loquitur
725 1587 830 1636 contra
849 1578 1090 1656 Imperatorems
1109 1578 1183 1658 qnia
1205 1579 1271 1657 ipse
1287 1587 1333 1636 est
1442 1583 1443 1608 ³

199 1677 299 1734 bonus
319 1675 510 1756 Imperialis,
531 1688 567 1736 ut
587 1683 714 1760 apparet
733 1675 768 1736 in
787 1675 852 1736 suia
871 1677 961 1738 libris
979 1677 1146 1754 hincinde,
1167 1676 1332 1738 teutonicis
1442 1685 1443 1700 ¹

201 1785 232 1836 et
251 1775 366 1836 latinia.

560 1883 562 1890 ¹
596 1892 709 1954 Nonus
757 1891 934 1955 Articulum

281 2007 367 2070 Dicit
385 2005 616 2069 Reuchlinista:
659 2007 754 2084 Quod
774 2007 913 2069 omnium
932 2009 1120 2083 maximnm,
1142 2017 1173 2067 et
1192 2007 1333 2089 grandis-
1442 2009 1443 2020 *

199 2109 329 2181 simum,
354 2118 384 2167 et
399 2104 676 2166 internalissimum
698 2117 758 2186 est3
789 2110 921 2168 Ioannes
940 2109 1140 2173 Pfcfferkorn
1160 2109 1331 2188 reprehen-

200 2211 245 2270 dit
267 2210 382 2290 Papam
398 2218 428 2267 et
444 2207 569 2266 Curiam
581 2251 592 2281 ,
614 2205 811 2267 attribuendo
833 2207 877 2270 eis
897 2207 1015 2266 crimen
1036 2209 1117 2269 falsi.
1173 2206 1225 2265 Sic
1246 2206 1331 2267 enim
1398 2217 1403 2226 '

198 2310 304 2370 scribit
318 2312 339 2369 l.
353 2309 395 2369 iv.
408 2307 572 2368 Caeterum
592 2305 801 2381 omnishomo,
824 2307 858 2368 id
879 2316 932 2381 est,
954 2307 1051 2387 ipsius
1074 2308 1113 2369 de
1132 2309 1208 2368 urbe
1229 2309 1332 2368 Roma

200 2408 461 2479 commissionem,
474 2405 566 2464 nimis
585 2404 673 2482 juste,
693 2408 790 2468 immo
810 2407 1008 2487 injustissime
1028 2407 1224 2486 acquisitam,
1255 2407 1332 2467 bee-

198 2512 313 2572 reticac
334 2501 494 2588 pravitatis
518 2506 665 2584 Magister
687 2529 751 2568 non
773 2507 892 2569 curavit
908 2517 964 2568 ete.
1004 2507 1067 2566 Sed
1087 2507 1171 2588 Papa
1189 2507 1275 2567 dedit
1292 2507 1332 2566 il·
1442 2573 1443 2578 ἵ

198 2599 262 2670 lam
276 2601 548 2678 commissionem,
563 2627 635 2687 ergo
652 2609 767 2688 Papam
788 2608 943 2688 vituperat
957 2609 1093 2672 ,loannes
1119 2606 1330 2678 Pfcfferkorn‚
1442 2607 1443 2686 l

199 2705 283 2792 quod
302 2731 366 2768 non
387 2707 466 2766 bene
486 2706 678 2767 administrat
697 2707 862 2787 justitiam:
897 2707 980 2787 quod
1003 2717 1047 2766 est
1067 2706 1110 2766 ita
1128 2706 1331 2779 haereticum,
1442 2687 1443 2748 l

199 2820 237 2871 ut
258 2817 414 2871 mereatur
435 2816 497 2864 tres
518 2806 612 2884 ignes.
653 2807 853 2890 Respondes:
894 2805 1095 2870 Psefferkorn
1113 2807 1330 2879 nondicitibi,
1442 2827 1443 2870 l

198 2909 282 2988 quod
305 2905 389 2986 Papa
415 2905 467 2964 vel
487 2905 582 2964 Curia
601 2907 742 2968 Romana
773 2905 887 2985 injuste
912 2905 998 2964 dedit
1025 2905 1111 2967 illam
1140 2906 1330 2968 commissio·
1442 2927 1443 2960 l

197 3028 291 3067 nem:
332 3007 386 3065 sed
412 3005 482 3064 vult
512 3004 707 3085 intelligere,
749 3007 832 3085 quod
853 3005 1007 3068 Reuclslin
1029 3005 1144 3085 injuste
1163 3007 1329 3088 acquisivit

199 3127 277 3170 eam.
318 3105 359 3166 Et
384 3123 456 3187 ergo
482 3105 633 3169 loannem
652 3104 809 3168 Reuchlin
837 3107 973 3192 appellat
992 3105 1160 3187 injustum,
1202 3116 1233 3168 ct
1264 3125 1330 3166 non

84 3279 88 3291 .
198 3209 323 3292 Papam.

574 3359 729 3416 Decimus
778 3355 955 3420 Articulum

281 3475 368 3536 Dicit
387 3473 617 3536 Reuclrlinista:
666 3472 866 3538 Pfefferkorn
882 3452 1001 3535 ¹iterum
1023 3473 1188 3534 committit
1208 3474 1328 3534 crimen

195 3582 298 3643 laesae
323 3576 511 3655 Maiestatis,
554 3575 628 3659 quia
654 3573 818 3634 manifeste
840 3573 990 3634 mentitur
1018 3573 1057 3632 de
1087 3577 1277 3654 Imperatore
1299 3584 1330 3634 et

197 3677 351 3758 Episcopo
373 3674 560 3736 Coloniensi.
604 3674 688 3752 Quia
708 3672 798 3748 dicit,
820 3672 1049 3754 quodquidam
1070 3673 1238 3755 Inquisitor
1252 3674 1329 3737 liae-

197 3777 310 3838 reticae
330 3777 491 3857 pravitatis
514 3796 555 3835 cx
574 3773 788 3836 commissione
808 3772 975 3832 Caesareae
987 3772 1166 3853 Majestatis,
1187 3793 1256 3833 cunr
1271 3795 1328 3854 ap-

197 3877 349 3958 positione
372 3897 481 3936 manus
499 3874 645 3957 Episcopi
658 3872 867 3945 Coloniensis,
887 3873 1055 3932 combussit
1071 3874 1330 3959 Speculumxocu-
1442 3893 1443 3904 ¹

197 3977 264 4038 lare
287 3969 452 4051 Coloniae,
474 3978 559 4056 quod
579 3985 624 4036 est
643 3972 856 4034 falsissimum:
882 3971 956 4052 quia
974 3991 1076 4052 neque
1096 3973 1245 4034 Caesarea
1257 3973 1330 4032 Ma-

195 4077 286 4156 jestas
306 4077 459 4138 commisit
485 4077 566 4151 hoc,
606 4095 708 4154 neque
728 4073 899 4157 Episcopus
926 4093 1064 4154 unquam
1089 4073 1234 4154 apposuit
1259 4093 1331 4131 ma·-
1442 4061 1443 4108 l

196 4195 289 4242 numa
326 4177 413 4256 quia,
451 4178 478 4237 ai
497 4178 670 4256 Imperator
689 4173 889 4236 commisisset
909 4173 983 4249 boo,
1005 4193 1070 4232 non
1089 4173 1150 4254 jam
1173 4174 1330 4234 laboraret

197 4293 254 4354 pro
275 4274 447 4352 Reuchlin,
483 4277 645 4362 scribendo
665 4277 704 4337 ad
716 4278 847 4357 Papam,
881 4273 965 4356 quod
984 4273 1074 4336 debet
1094 4272 1154 4334 sibi
1174 4272 1330 4335 Consilia-
