2896 4716
238 349 302 420 238
528 392 530 400 ,
597 349 996 426 Brtsrousn

211 571 214 577 ,
239 505 347 570 cialem
363 505 494 568 modum
518 507 734 590 praedicandi,
761 521 791 570 et
816 529 881 571 non
900 507 974 572 iacit
997 508 1076 574 elcut
1097 508 1167 587 alil,
1204 509 1360 572 movendo

237 608 363 680 subtiles
383 607 588 687 quaestiones,
609 618 640 668 st
658 609 821 670 formando
843 622 1020 688 argumenta
1039 621 1164 684 conus,
1183 622 1215 670 et
1233 611 1360 672 solven-

238 708 278 768 do
300 717 420 787 postea,
442 717 472 768 et
492 707 646 768 eliciendo
659 709 835 770 corollaria:
855 709 910 770 sed
930 709 1110 790 simpliciter
1127 708 1274 790 procedit.
1320 709 1360 768 Et

237 825 294 888 ego
315 805 428 880 miror,
463 807 544 886 quod
557 807 689 868 libenter
708 808 833 868 audiant
852 809 1092 889 praedicationes
1111 807 1192 887 ejus,
1220 829 1291 868 aum
1313 817 1361 867 ta-

174 975 176 986 ,
237 899 310 966 men
330 925 393 965 non
423 916 468 964 est
493 905 659 967 artificialis
682 909 890 987 praedicator:
932 929 987 987 ego
1013 906 1204 968 consideravi
1223 906 1258 966 in
1278 906 1359 965 dno-

236 1005 294 1066 bus
315 1001 474 1086 passibus,
510 1005 592 1085 quod
612 1025 676 1066 non
697 1017 742 1066 est
761 1007 838 1067 bene
857 1007 1078 1068 intentionutus
1097 1027 1169 1086 erga
1188 1005 1357 1086 religiosos.

239 1104 350 1177 Semel,
374 1103 496 1182 quando
516 1103 671 1184 incepistis
692 1125 746 1165 voa
768 1083 964 1166 (lolonienses
984 1127 1046 1166 una
1068 1126 1137 1165 cum
1158 1104 1279 1164 Ordine
1299 1123 1357 1164 no·
1433 1171 1434 1174 Ἴ

235 1213 299 1264 stro
307 1201 526 1263 universaliter
544 1203 630 1262 istam
642 1205 826 1266 laudabilem
840 1205 1067 1266 contentionem
1087 1215 1193 1264 contra
1206 1204 1356 1264 loannem

236 1299 409 1377 Reuchlin;
450 1311 601 1381 tuncogo
622 1303 744 1382 portavi
765 1305 908 1363 cinnam
928 1294 1130 1377 schedulam,
1153 1303 1187 1362 in
1208 1321 1270 1380 qua
1290 1313 1356 1362 erat
1433 1349 1434 1374 ,

236 1400 414 1460 mandatum
435 1409 542 1462 contra
559 1402 707 1462 loannem
727 1402 901 1476 Reucblin,
932 1398 1116 1481 quodlibet·
1137 1421 1210 1461 auus
1232 1401 1358 1461 deberet
1433 1393 1434 1462 ζ

218 1485 393 1572 'comburi,
414 1498 530 1577 etipse
553 1499 642 1561 debet
660 1501 728 1582 cogi
747 1501 786 1560 ad
807 1501 1042 1563 revocationem.
1095 1501 1136 1562 Et
1156 1499 1223 1560 dixi
1246 1499 1295 1572 ei,
1315 1501 1358 1558 si-

236 1608 288 1658 eut
301 1597 386 1658 mibi
406 1594 600 1656 commissum
620 1619 638 1656 a
658 1599 847 1660 Provinciali
866 1613 983 1662 nostro:
1003 1599 1127 1660 Eximie
1138 1599 1274 1658 Domine
1282 1601 1357 1660 Ma-

235 1697 329 1778 gister
347 1705 469 1769 noster,
491 1694 543 1754 bic
556 1695 648 1756 babet
660 1698 820 1760 eximietas
834 1709 935 1761 vestra
947 1720 1044 1761 annm
1064 1693 1252 1772 mandatum,
1273 1698 1357 1778 qnod

234 1795 390 1856 Reucblin
411 1804 456 1854 est
475 1791 663 1871 haereticus,
703 1807 734 1858 et
758 1797 840 1858 liber
869 1799 934 1879 ejus
953 1799 1042 1859 debet
1063 1797 1211 1858 comburi.
1273 1797 1357 1876 Ergo

234 1893 338 1958 velitis
363 1892 522 1974 publicare
550 1914 644 1975 super
670 1897 835 1970 cancellar,
881 1907 912 1957 et
939 1918 1007 1958 cunr
1034 1897 1094 1956 boe
1119 1915 1262 1975 rogamus
1289 1915 1357 1969 vos,

234 1993 317 2074 qnod
349 1991 452 2053 velitis
485 2001 565 2052 stare
595 1981 755 2079 nobiscum
794 2007 900 2058 contra
934 1996 1124 2076 praedictum
1155 1995 1357 2056 haereticum,

235 2094 325 2154 Tunc
344 2091 410 2171 ipse
430 2089 505 2172 legit
525 2093 717 2168 mandatum,
738 2105 884 2175 etpoatea
898 2095 994 2156 dixit:
1014 2097 1078 2176 Ego
1097 2114 1159 2154 non
1178 2094 1285 2162 video,
1306 2093 1358 2152 ni·

233 2191 261 2251 si
283 2189 368 2270 quod
386 2199 431 2250 est
452 2191 638 2266 mandatnm,
658 2194 740 2273 quod
761 2196 928 2274 Speculum
947 2196 1069 2256 oculare
1087 2213 1149 2252 non
1170 2192 1263 2253 debet
1276 2214 1357 2272 ven-

234 2289 267 2351 di
288 2289 427 2370 publice,
458 2291 613 2370 usquead
634 2294 837 2374 cognitionem
858 2303 889 2354 et
908 2293 1093 2353 decisionem
1112 2311 1227 2352 censae.
1288 2291 1356 2372 Ego

233 2407 298 2448 non
317 2387 475 2469 intelligo,
496 2390 580 2470 quod
600 2391 755 2453 Reucblin
774 2393 864 2453 debet
883 2391 945 2453 dici
965 2391 1144 2452 haereticus.
1184 2392 1354 2472 Respondi,

233 2485 317 2568 quod
336 2487 543 2567 praesumitur
563 2509 603 2548 ex
622 2511 683 2570 quo
702 2492 897 2570 prohibitum
913 2502 974 2566 est,
996 2492 1077 2570 quod
1096 2491 1176 2552 liber
1196 2511 1270 2552 suus
1289 2511 1354 2550 non

233 2585 324 2646 debet
343 2585 456 2660 vendi,
479 2597 511 2647 et
530 2590 636 2668 rogavi
658 2609 744 2663 eum,
777 2591 948 2670 quodvult
968 2611 1088 2650 causam
1109 2599 1245 2650 nostram
1267 2609 1354 2648 com-

232 2683 379 2744 mendare
400 2684 435 2744 in
455 2687 607 2747 cancellis.
645 2687 830 2768 Respondits
858 2690 1043 2750 Permittetis
1064 2691 1169 2748 mein
1190 2709 1275 2770 pace,
1296 2711 1353 2769 ego

232 2801 301 2842 sum
314 2781 376 2856 hic,
399 2783 482 2861 quod
502 2784 599 2844 debeo
618 2788 770 2848 seminare
792 2790 921 2850 verbum
943 2790 1014 2864 usi,
1036 2799 1067 2848 et
1080 2809 1144 2850 non
1158 2789 1253 2849 debeo
1266 2810 1353 2848 scan-

233 2881 366 2940 dalizare
386 2899 569 2960 quenquam.
632 2887 715 2963 Quia
742 2884 889 2969 scriptum
915 2899 974 2948 est:
1015 2888 1080 2966 Qui
1100 2888 1353 2949 scandalizaverit

232 2997 330 3038 unum
352 2997 392 3037 ex
408 2979 548 3042 minimis
567 2981 632 3042 istis
651 2995 706 3044 etc.
757 2988 798 3046 Et
815 2988 859 3046 sic
879 3007 943 3047 non
964 2987 1050 3066 potui
1071 2987 1246 3068 impetrare,
1269 2989 1353 3068 qnod

232 3077 328 3138 vellet
348 3076 494 3156 adjuvare
513 3101 631 3142 causam
657 3083 739 3144 fidei.
799 3085 834 3144 ln
860 3087 921 3144 alio
942 3108 1031 3167 passu
1051 3087 1165 3147 notavi.
1217 3087 1352 3164 Quando

232 3176 294 3252 fuit
314 3175 366 3235 bic
386 3177 494 3238 Frater
513 3182 639 3243 lacobus
659 3184 697 3243 de
718 3183 838 3244 Ordine
859 3196 979 3259 nostro,
1008 3195 1041 3244 et
1060 3171 1224 3247 seminavit
1244 3186 1352 3246 indul-

231 3276 365 3358 gentias,
386 3295 460 3354 quas
480 3280 711 3359 impetravimus
732 3284 849 3343 Romae
869 3305 928 3364 pro
945 3285 1132 3344 Monasterio
1153 3285 1350 3365 Augustensi,

231 3387 306 3436 tunc
326 3374 418 3434 etiam
438 3379 557 3456 rogavit
574 3382 762 3459 praedictum
784 3386 948 3444 Ductorem
968 3385 1079 3462 Reyss,
1115 3384 1197 3464 qnod
1225 3385 1260 3444 in
1283 3403 1351 3443 am-

184 3545 186 3556 !
231 3475 311 3535 bono
330 3473 427 3534 vellet
446 3475 572 3538 laudare
601 3479 670 3539 illas
694 3483 912 3563 indulgentias,
953 3491 984 3542 et
1010 3483 1134 3543 hortare
1154 3483 1299 3544 mulieres
1320 3495 1350 3542 et

231 3572 317 3645 alios,
340 3571 423 3650 quod
444 3574 551 3636 darent
569 3581 731 3657 pecuniam
751 3581 790 3640 ad
810 3582 925 3655 cistam,
944 3582 1017 3662 quia
1036 3592 1113 3641 esset
1132 3583 1211 3642 bene
1233 3582 1346 3642 datum.

232 3671 293 3731 Sed
314 3671 379 3751 ipse
397 3660 538 3752 permisit
557 3697 626 3738 eum
648 3680 749 3740 dicere
770 3679 916 3760 quicquid
944 3681 1059 3755 voluit,
1098 3689 1129 3739 et
1157 3690 1258 3740 tamen
1283 3701 1348 3740 non

230 3770 332 3832 voluit
352 3771 455 3831 dicere
476 3795 573 3836 unum
593 3779 723 3839 verbum
743 3779 781 3839 de
801 3778 1016 3860 indulgentiis,
1043 3788 1073 3839 ct
1088 3781 1202 3840 'Frater
1220 3780 1349 3840 Iacobus

230 3869 326 3928 semel
345 3869 424 3930 dixit
443 3873 483 3931 ad
503 3894 589 3936 eum:
625 3879 705 3938 Ecce
724 3897 779 3938 vos
798 3877 943 3937 invidetis
964 3878 1070 3954 nobis,
1098 3878 1181 3960 quod
1203 3878 1348 3938 debemus

231 3967 375 4047 colligere
389 3971 568 4049 pecuniam,
608 3985 639 4035 et
658 3986 760 4037 tamen
774 3972 968 4058 colligemus,
1006 3978 1125 4038 etiamsi
1145 3977 1271 4038 deberet
1290 3998 1350 4037 ro-

231 4066 277 4125 bis
298 4085 351 4124 cor
370 4068 481 4149 frangi.
542 4073 583 4132 Et
601 4071 681 4134 dixit
700 4077 790 4135 etiam
816 4075 849 4135 in
870 4077 1016 4138 ambone:
1052 4079 1131 4137 Ecce
1156 4071 1208 4137 hic
1228 4077 1348 4138 habetis

230 4163 452 4243 indulgentias,
478 4178 509 4231 et
528 4171 632 4234 literas
645 4174 893 4256 indulgentiales,
925 4187 955 4236 et
975 4178 1058 4259 quod
1076 4175 1224 4256 seriptum
1247 4186 1292 4256 eat
1312 4177 1347 4235 in

230 4261 308 4336 illis,
330 4272 375 4323 est
395 4263 439 4325 ita
459 4287 568 4332 verum
583 4283 614 4334 et
626 4275 830 4352 credendum,
850 4275 930 4337 sicut
939 4276 1152 4358 Evangelium.
1171 4277 1212 4336 Et
1222 4275 1345 4356 quando
