2896 4716
195 333 258 398 222
560 329 961 398 EPISTOLAE

194 490 289 572 quid,
322 497 397 550 tuno
419 489 540 550 dicunt:
581 490 661 550 Ecce
681 489 727 551 ibi
748 499 778 552 et
798 489 843 552 ibi
861 510 925 554 non
946 491 1029 553 bona
1048 489 1236 554 latinisatio:
1271 513 1331 554 ve-

194 590 289 650 niunt
307 589 370 648 huc
396 609 466 648 cnm
496 589 559 650 suis
588 589 679 652 novis
700 590 860 667 terminis,
896 601 927 652 et
949 591 1147 652 confundunt
1169 591 1328 674 antiquam

195 681 443 766 Grammaticam.
484 690 548 768 Ego
561 708 625 749 non
640 709 765 771 possum
784 689 920 750 scribere
938 690 973 750 in
989 691 1055 750 istis
1062 690 1225 752 caloribus.
1245 693 1329 774 Ergo

193 785 330 852 habeatis
349 809 400 848 me
422 801 618 863 excusatum,
642 797 673 850 et
693 789 804 850 valete.
843 790 959 850 Datum
974 791 1102 850 Romae.

192 958 351 1036 Magister
369 956 530 1016 Henricns
547 953 839 1014 Cribelinioniotins
863 957 1023 1038 Magistro
1048 955 1182 1016 Ortuino
1215 957 1330 1018 Oratio

692 1057 835 1116 salutem.

273 1188 471 1253 Venerabilis
488 1189 651 1272 Magister,
671 1193 808 1272 primum
828 1202 859 1254 et
880 1202 952 1252 ante
975 1191 1079 1252 omnia
1091 1190 1202 1266 sciatis,
1245 1194 1330 1274 quod

189 1292 313 1376 perdidi
335 1291 411 1351 duas
430 1293 610 1367 sentias,
633 1291 708 1351 etsi
726 1291 824 1372 perdo
845 1293 990 1360 tertiam,
1014 1304 1090 1352 tunc
1110 1292 1250 1352 diabolus
1266 1292 1328 1353 erit

190 1395 308 1466 Abbas,
330 1402 360 1452 et
379 1388 476 1450 timeo
489 1391 597 1466 valde,
618 1391 692 1470 quia
709 1390 844 1454 Auditor
865 1391 946 1451 dixit
965 1392 1061 1452 mihi:
1082 1393 1144 1452 Per
1164 1395 1276 1464 Deum,
1301 1392 1329 1450 si

190 1515 287 1554 essem
307 1491 387 1551 siout
408 1510 482 1564 vos,
524 1509 579 1568 ego
598 1511 663 1550 non
683 1491 797 1550 vellem
820 1493 995 1571 appellare,
1038 1492 1188 1572 quianon
1209 1491 1329 1552 habetis
1380 1519 1389 1528 =

157 1593 159 1597 ’
189 1599 254 1658 lus.
272 1593 355 1672 Ergo
375 1589 527 1664 nanceio,
549 1590 625 1668 quid
639 1589 735 1650 debeo
750 1591 862 1650 facere.
906 1591 972 1672 Ego
993 1580 1102 1676 credo,
1123 1591 1206 1671 quod
1220 1591 1329 1651 Theo-

190 1693 253 1774 logi
274 1692 335 1751 hoc
356 1709 440 1750 anno
460 1707 525 1750 non
546 1689 658 1750 debent
679 1689 837 1750 fortunam
859 1689 990 1754 habere:
1020 1691 1094 1770 quia
1113 1689 1246 1754 eximius
1267 1691 1328 1764 vir,

189 1792 344 1854 Dominus
364 1788 514 1870 Magister
532 1799 640 1858 noster
660 1791 771 1850 Petrus
795 1792 919 1868 Meyer,
942 1789 1015 1850 satis
1032 1789 1113 1848 male
1125 1799 1183 1848 stat
1202 1788 1237 1849 iu
1251 1810 1325 1848 cau·

188 1915 222 1955 sa
242 1913 298 1954 sua
318 1899 424 1949 contra
444 1888 615 1950 canonicos
635 1889 946 1962 Frauccfordienses,
984 1889 1076 1969 quod*
1095 1899 1211 1949 vexant
1236 1888 1327 1950 illum

188 1997 307 2056 bonum
327 1999 358 2050 et
378 1989 524 2049 devotum
547 1987 679 2048 Patrem.
720 1985 783 2063 Sed
797 1988 904 2061 credo,
925 1989 1009 2066 quod
1029 1987 1083 2047 isti
1104 1988 1255 2049 canonici
1276 1989 1327 2050 fa-

189 2096 275 2155 ciunt
284 2091 344 2151 hoc
352 2089 637 2170 propterlounnem
653 2079 826 2162 Reuchlin,
850 2109 942 2167 quem
954 2088 1087 2166 diligunt
1098 2085 1226 2168 propter
1238 2110 1326 2148 susm

188 2192 357 2276 poetriatn,
379 2197 410 2247 et
429 2198 604 2269 propterea,
625 2189 765 2249 volentes
783 2188 813 2246 ei
832 2189 965 2268 placere,
985 2188 1248 2250 tribulantillum
1270 2189 1328 2248 bo-

187 2313 265 2354 num
288 2293 464 2362 Pastorem,
487 2287 561 2367 quia
580 2287 646 2368 ipse
669 2288 855 2347 mirabiliter
875 2288 1055 2348 inimicatur
1073 2291 1181 2349 Joaun.
1196 2289 1327 2350 Reuclr-

186 2394 253 2465 lin,
300 2399 331 2450 et
354 2387 483 2461 merito,
526 2386 598 2466 quia
626 2397 685 2446 stat
711 2408 769 2468 pro
799 2388 957 2450 Facultate
983 2409 1048 2447 sua.
1112 2389 1196 2466 Quia
1216 2390 1325 2448 Ioann.

187 2489 345 2554 Reuchlin
368 2497 413 2547 est
432 2485 578 2546 inimicus
604 2485 852 2567 Theologorum3
889 2487 943 2547 sed
963 2487 1112 2566 Magister
1138 2497 1245 2552 noster
1265 2489 1327 2550 Pe-

187 2601 254 2652 trus
273 2598 318 2648 est
338 2588 529 2666 Theologus;
550 2605 631 2664 ergo.
666 2585 712 2646 'Et
733 2596 778 2646 est
798 2587 879 2647 bene
899 2586 1038 2666 licitum,
1062 2587 1146 2666 quod
1168 2577 1253 2648 unus
1267 2588 1325 2646 de-

187 2689 290 2752 fendit
309 2689 615 2747 Facultatemauem.
656 2684 758 2744 Etiam
777 2688 817 2745 D.
830 2686 958 2746 Iacobus
981 2686 1019 2746 de
1031 2688 1227 2766 Hogstraten,
1254 2687 1325 2746 Ma-

186 2791 283 2870 gister
311 2795 417 2846 noster
446 2794 477 2844 et
502 2784 677 2844 haereticae
711 2785 872 2864 pravitatis
904 2785 1091 2866 Inquisitor,
1132 2806 1197 2847 non
1231 2785 1325 2862 habet

186 2891 299 2949 bonam
319 2885 477 2944 fortunam
496 2883 531 2943 in
551 2903 642 2944 causa
669 2883 759 2943 fidei:
794 2884 868 2962 quia
894 2884 946 2944 isti
970 2885 1128 2946 Curtisani
1148 2906 1233 2946 nunc
1254 2905 1325 2946 om·

186 3007 241 3047 nes
262 2986 373 3047 volunt
393 3003 456 3043 esse
476 2983 598 3058 Poetae,
620 2994 650 3045 et
670 2983 714 3042 sic
733 2983 966 3064 parvipendunt.
983 2986 1173 3064 Theologos‚
1202 2995 1233 3046 ct
1250 2997 1324 3046 snut

187 3096 294 3146 contra
315 3103 374 3142 eos.
395 3084 457 3143 Sed
475 3093 582 3150 ¹tamen
599 3103 707 3164 spero,
729 3083 812 3163 quod
832 3105 944 3164 parum
963 3085 1151 3146 lucrabunt:
1173 3085 1325 3165 quiaDo-

185 3186 289 3246 minus
311 3183 454 3264 respiciet
474 3183 609 3244 famulos
628 3203 699 3242 suos
709 3225 718 3256 ,
741 3193 771 3242 et
791 3181 936 3244 liberabit
957 3204 1017 3244 eos.
1057 3185 1122 3262 Ego
1137 3182 1245 3244 audivi
1260 3204 1323 3244 nu-

184 3307 259 3368 per,
289 3285 372 3365 quod
393 3287 564 3365 Imperator
582 3283 705 3363 scripsit
728 3303 823 3343 unam
845 3283 967 3344 literam
989 3285 1028 3344 ad
1048 3285 1170 3364 Papam·
1185 3303 1244 3364 pro
1264 3285 1321 3344 Jo-

184 3407 265 3446 anne
280 3383 454 3458 Reuchlin,
476 3395 509 3442 et
528 3379 651 3462 scripsit
668 3383 731 3458 ita,
751 3383 844 3462 quod,
872 3383 899 3441 si
921 3384 1157 3444 Sanctissimitas
1176 3404 1234 3444 sua
1254 3400 1321 3444 non

132 3539 136 3562 ,
183 3485 253 3546 vult
270 3483 364 3543 finem
383 3485 486 3544 facere
506 3482 542 3544 in
562 3483 621 3542 isto
640 3481 778 3562 negotio,
800 3492 831 3542 et
850 3481 924 3541 dare
943 3483 1144 3557 senteutiam,
1172 3493 1249 3544 tune
1268 3483 1321 3562 ip-

184 3593 280 3646 semet
299 3586 369 3644 vult
390 3584 516 3662 videre,
550 3580 705 3663 quomodo
730 3590 830 3663 potest
858 3581 1028 3642 defendere
1046 3603 1137 3644 suum
1165 3582 1322 3644 Consilia-

183 3685 276 3744 rium.
340 3682 402 3743 Sed
422 3683 497 3764 quid
519 3683 586 3742 estl
629 3681 664 3742 Si
690 3683 773 3762 Papa
794 3689 838 3740 est
858 3697 917 3760 pro
938 3681 1125 3763 Theologis,
1158 3692 1233 3743 tunc
1253 3702 1320 3742 non

183 3782 295 3844 timeo:
318 3783 411 3843 etiam
424 3783 532 3844 audivi
553 3783 591 3841 ab
610 3801 674 3841 uno
696 3778 825 3841 notabili
845 3779 925 3854 viro,
948 3781 1003 3858 qui
1024 3791 1070 3841 est
1090 3781 1237 3841 Officialis
1254 3782 1320 3841 Cu-

183 3884 264 3952 riae,
285 3885 340 3962 qui
360 3879 456 3943 dixit:
487 3882 574 3960 Quid
593 3881 680 3940 nobis
701 3879 754 3939 hic
774 3899 844 3938 cum
864 3879 985 3941 literis?
1028 3881 1063 3940 si
1082 3869 1239 3949 Reuchlin
1259 3881 1319 3940 ha-

181 3983 234 4042 bet
253 3984 436 4063 pecuniam,
458 3981 560 4042 mittat
580 3981 661 4042 huc:
696 3979 769 4059 quia
790 3978 824 4038 iu
847 3978 944 4039 Curia
966 3989 1109 4060 opportet
1129 3981 1318 4060 hubere'pe-

182 4082 306 4155 eunias,
328 4083 404 4142 alias
424 4081 506 4142 nihil
526 4091 626 4162 potest
639 4079 798 4161 expedire.
837 4079 878 4139 Et
897 4079 976 4138 alius
992 4080 1112 4140 occulte
1131 4080 1211 4140 dixit
1226 4079 1317 4153 mihi,

180 4181 264 4260 quod
285 4183 432 4262 Magister
450 4191 555 4240 noster
575 4181 705 4242 lacobus
727 4179 840 4240 iterum
862 4177 948 4239 dedit
970 4191 1066 4239 certas
1080 4181 1229 4261 propinas
1240 4181 1316 4260 'qui-

180 4279 307 4339 busdam
328 4279 573 4342 Refercndariis.
635 4281 677 4340 Et
695 4278 750 4356 sic,
775 4277 898 4362 quando
914 4277 978 4360 jam
1000 4278 1116 4342 vadunt
1135 4289 1207 4342 aute
1230 4300 1316 4353 eum,
