2840 4718
208 321 273 390 aaa
411 321 655 402 omnem
676 277 900 402 cfflttsuun
923 323 1018 398 orn.
1034 321 1144 388 max,

209 499 408 563 pasguoque
428 499 570 562 adroges
594 476 729 559 pecnnia
755 477 853 560 possit
878 499 1087 561 corrumpere.
1128 479 1219 542 Hane
1244 477 1332 558 igitur

208 593 273 644 tam
295 579 441 640 eximiam
461 579 547 640 Petri
566 578 788 640 sublimitatem
819 599 937 658 magno-
961 567 1065 640 animo
1087 578 1203 640 ambiat
1232 578 1333 639 Julius

188 693 292 760 tuus,
313 689 350 740 ut
367 699 442 739 vere
460 688 532 738 tuus
555 676 617 736 diei
636 679 742 758 possit.
783 679 928 758 Eumque
950 699 1014 740 non
1034 679 1135 738 solum
1155 676 1243 740 vitiis
1271 697 1333 734 om·

208 780 303 842 nibus
324 778 433 852 libera,
452 787 490 837 ut
509 777 644 858 populus
662 786 734 837 tuus
754 777 790 837 in
811 777 938 836 ittotai
959 779 1062 840 videat
1074 779 1252 858 imaginem,
1274 796 1332 836 non

210 879 382 952 sathanae,
404 877 631 958 verumetiam
650 877 859 936 foedissimam
880 877 977 938 obruo
991 879 1116 956 famam,
1138 899 1219 957 qnae
1233 877 1271 936 de
1282 875 1332 934 illo

210 990 275 1041 toto
296 978 359 1058 jam
381 975 456 1034 orbe
475 986 629 1034 terrarum
650 974 741 1055 longe
762 975 885 1054 lateque
913 977 1037 1052 volitat,
1064 979 1140 1038 adeo
1161 975 1276 1056 turpis,
1302 983 1334 1034 ut

207 1079 271 1161 piis
293 1093 357 1137 non
383 1065 479 1134 libeat
500 1075 642 1156 credere,
683 1074 737 1134 sed
755 1094 881 1136 rursum
906 1076 983 1136 adeo
1006 1089 1162 1151 constans,
1202 1085 1240 1134 ut
1259 1074 1333 1134 unlli

209 1177 345 1242 mendax
363 1173 466 1235 videri
489 1173 595 1254 possit,
634 1175 723 1251 Quae
743 1173 868 1254 quidem
888 1176 1159 1250 bonismentibus,
1181 1184 1333 1255 quattuor

208 1276 336 1356 spiritus
350 1272 472 1345 afflavit,
493 1272 635 1352 suspiria,
656 1273 814 1352 geminam,
836 1273 976 1334 dolorem
988 1275 1123 1336 adducit.
1174 1273 1333 1332 Caeterum

209 1375 353 1436 hostibus.
371 1371 445 1432 fidei
466 1370 564 1433 risum
586 1393 621 1432 ao
644 1373 833 1453 volnptatem
857 1373 968 1449 adfert,
989 1374 1073 1455 apud
1092 1392 1179 1454 quos,
1200 1373 1240 1432 ob
1262 1371 1333 1432 alie-

209 1494 283 1536 nam
305 1471 485 1544 infamiam,
528 1472 609 1530 male
630 1472 717 1532 audit
736 1473 959 1534 sanctissimum
982 1495 1095 1534 nomen
1116 1483 1217 1534 tuum.
1262 1471 1335 1530 Pre-

207 1583 313 1635 matur
334 1571 429 1652 igitur
447 1569 523 1630 haec
544 1571 702 1632 teterrima
722 1572 824 1632 famae
848 1573 992 1648 buccina,
1014 1574 1067 1634 sed
1095 1581 1256 1654 prematur
1275 1589 1334 1630 non

207 1672 350 1746 silentio,
395 1668 564 1749 tyrannicis
585 1670 702 1731 indicto
723 1671 834 1747 minis,
872 1683 909 1735 ut
927 1673 1069 1748 ridicule,
1089 1671 1174 1754 quod
1193 1669 1332 1731 homines

209 1774 322 1848 acuant,
347 1769 467 1832 nescire
489 1759 659 1849 cogantur,
675 1771 758 1850 quod
785 1771 910 1849 vident,
938 1793 1003 1834 non
1022 1774 1131 1834 videre
1152 1773 1337 1852 compellan-

209 1885 281 1941 tur,
306 1871 390 1952 quod
409 1868 513 1928 animo
536 1889 612 1930 vere
632 1880 777 1952 recteque
797 1872 948 1950 cogitant,
988 1872 1075 1952 loqui
1099 1881 1257 1948 vetentur,
1286 1871 1336 1930 sed

208 1972 277 2053 ipse
298 1967 511 2030 efficacissimis
532 1969 736 2048 argumentis,
758 1970 791 2030 id
811 1982 857 2030 est
874 1971 1145 2051 vitae‘esremplis,
1175 1971 1336 2030 homiuum

208 2069 457 2132 maledicentiam
475 2068 655 2148 redarguat,
675 2070 793 2129 sublata
812 2070 929 2144 fronte,
950 2071 1033 2130 unde
1054 2067 1141 2150 foedi
1158 2090 1260 2132 mores
1274 2091 1338 2130 sca-

209 2181 277 2231 tere
298 2169 466 2250 solennat
486 2168 549 2249 jam
571 2169 670 2228 bonus
689 2170 730 2230 sit
750 2169 827 2230 odor
847 2170 906 2228 deo
928 2170 963 2229 in
987 2169 1084 2230 vitam
1102 2167 1253 2244 fidelium,
1276 2191 1337 2234 uon

208 2269 356 2352 pestilens
378 2267 482 2328 foetor
506 2267 541 2326 in
561 2265 733 2348 perniciem
754 2269 942 2350 simplicium
962 2268 1144 2328 animarum.
1189 2271 1278 2328 Haeo
1299 2277 1337 2343 te,

209 2373 293 2444 Jcsu,
315 2389 373 2450 pro
394 2387 450 2454 auo
470 2365 618 2456 pontifice
637 2367 698 2447 piis
718 2368 798 2430 votis
819 2379 886 2428 orat
907 2388 985 2448 grex
1004 2377 1085 2428 tuus.
1133 2368 1198 2447 Qui
1227 2369 1254 2428 si
1282 2389 1337 2449 pro

209 2471 369 2530 Julionon
383 2475 525 2526 meretur
533 2465 645 2539 audiri,
666 2467 742 2547 ipse,
758 2487 954 2548 quaesumus,
971 2467 1148 2548 pontificem
1165 2487 1258 2548 agere
1275 2487 1335 2526 non

208 2567 357 2650 graveris.
398 2567 508 2646 Neque
531 2564 673 2646 patiaris,
694 2575 730 2627 ut
759 2567 853 2628 unius
879 2567 931 2628 vel
956 2566 1078 2628 insania
1120 2567 1172 2630 vel
1198 2567 1338 2647 impietas

208 2678 323 2728 tantam
346 2678 463 2747 pestem
484 2665 604 2726 adferat
628 2664 721 2724 rebus
741 2665 895 2726 humanis.
958 2666 1068 2726 Excita
1086 2666 1248 2748 spiritum,
1289 2666 1338 2726 rel

208 2767 351 2830 Danielis
374 2763 521 2846 alicujus,
579 2763 635 2842 qui
652 2762 889 2846 senisrimpr'obi
907 2767 1054 2828 retundat
1073 2766 1234 2826 insaniam.
1275 2765 1338 2824 Neo

210 2869 339 2930 omnino
359 2867 426 2926 siue
438 2883 580 2944 sponsam
593 2873 687 2940 tuam,
710 2863 822 2924 fucatis
851 2865 949 2924 titulis
969 2875 1000 2924 et
1020 2864 1215 2926 commutatis
1235 2883 1336 2924 rerum

209 2967 383 3062 vocabulis,
414 2984 498 3026 novo
525 2965 697 3047 tyrannidis
724 2981 837 3046 genere
865 2964 1012 3046 opprimi.
1075 2964 1141 3043 Qui
1190 2965 1274 3030 vivis
1308 2972 1336 3023 et

209 3079 338 3147 regnas,
360 3085 430 3126 cum
451 3066 509 3125 deo
531 3075 619 3145 patre
638 3065 673 3124 in
693 3064 813 3124 unitate
827 3063 954 3144 spiritus
972 3049 1071 3124 sancti
1087 3063 1174 3142 deus,
1192 3083 1254 3148 per
1272 3083 1336 3124 om·

209 3169 264 3230 nia
282 3163 405 3226 saecula
425 3165 627 3224 saeculorum.
669 3165 778 3225 Amen.
1302 3185 1304 3190 ·

292 3269 332 3330 In
358 3266 528 3326 Germania
549 3263 684 3324 Tandem
703 3265 774 3324 Iam
795 3263 952 3342 Sapiento.
