2872 4722
396 345 671 411 oescon.
713 311 942 411 vision.
1171 348 1315 445 1414

98 505 170 568 dicit
175 545 189 576 ,
209 501 297 587 qnod
318 512 364 568 est
385 503 480 566 Poeta
500 506 682 586 Poetarum,
703 513 734 566 et
761 504 845 585 quod
863 515 988 586 praeter
1009 527 1081 568 enm
1102 527 1167 568 non
1188 517 1234 584 est

99 607 175 672 alins
194 605 302 666 Poeta.
366 605 437 686 Ipse
456 605 578 685 scripsit
598 604 752 684 quendem
774 613 938 666 tractatum
965 607 1109 680 metrice,
1140 627 1232 687 quem

98 704 279 766 notabiliter
300 703 489 777 intitulavit,
512 723 568 786 ego
588 724 658 764 aum
678 703 791 766 oblitus
811 724 943 776 nomen,
964 704 1068 780 credo,
1090 706 1175 785 quod
1188 715 1234 766 est

98 806 134 865 de
161 805 211 866 ira
238 813 272 864 et
299 804 456 881 colericia3
495 803 530 864 in
550 824 613 886 quo
632 812 763 870 tractatu
781 803 918 864 stimulet
937 805 1101 884 Magistros
1120 807 1234 866 multos

98 913 127 963 et
157 903 237 964 alios
264 902 393 977 Poetae,
429 904 483 984 qui
510 923 542 963 ae
573 902 806 983 impediverunt
830 902 933 982 legere
960 903 995 962 in
1015 904 1233 978 Universitate,

97 1012 226 1084 propter
254 1022 340 1062 suam
359 1002 554 1062 luxuriosam
573 1011 683 1062 artem.
714 1003 864 1066 „Veram
882 1001 1024 1082 Magistri
1046 1003 1155 1067 dicunt
1174 1004 1233 1064 sibi
1286 1065 1291 1072 ,

97 1102 129 1162 in
151 1098 285 1174 taciem,
322 1101 406 1181 quod
428 1122 492 1163 non
512 1111 556 1162 est
575 1111 638 1162 tam
658 1102 758 1178 bonus
779 1102 880 1161 Poeta
905 1101 984 1163 sicut
1003 1101 1172 1183 gloriatur,
1203 1112 1234 1165 et

95 1209 203 1268 tenent
221 1201 284 1260 eibi
303 1201 437 1262 multum
458 1200 493 1262 in
514 1201 706 1281 oppositum,
735 1211 766 1261 et
783 1201 916 1280 probant
937 1222 994 1281 per
1014 1223 1086 1278 vos,
1120 1204 1234 1265 videli-

96 1308 144 1358 cet
172 1300 260 1378 quod
288 1300 360 1366 estis
386 1301 485 1362 multo
513 1300 702 1382 profpndior
727 1300 763 1360 in
791 1291 857 1360 arta
884 1300 1050 1377 Poetionli,
1081 1323 1152 1364 oum
1173 1303 1233 1363 hoo

95 1397 283 1476 ostendunt,
317 1398 401 1479 quod
429 1419 492 1464 non
521 1409 567 1460 est
585 1400 665 1460 bene
688 1397 836 1462 fundatus
856 1399 891 1460 in
911 1401 1081 1480 quantitate
1101 1401 1234 1481 syllaba-

94 1518 187 1571 rum,
227 1508 320 1578 prout
349 1494 534 1559 determinat
554 1498 703 1578 Magister
723 1497 761 1557 de
789 1499 870 1560 villo¹
887 1500 966 1573 Dei,
1008 1500 1044 1561 in
1062 1502 1153 1562 tertia
1173 1503 1232 1574 eui,

94 1617 192 1677 quam
222 1596 279 1657 iste
304 1596 431 1660 videtur
459 1618 524 1658 non
552 1596 739 1658 sufficienter
760 1597 887 1675 legisse,
923 1609 1015 1678 atque
1036 1601 1233 1664 deducuntur

93 1706 210 1758 contra
228 1695 329 1786 ipsum
350 1697 506 1758 intentum
530 1715 621 1758 suum
641 1696 864 1778 multipliciter.
904 1698 1011 1760 Primo
1039 1721 1097 1780 per
1114 1722 1231 1762 momen

95 1807 256 1867 vestrum,
289 1795 395 1858 etheo
423 1795 597 1877 dupliciter.
657 1796 764 1856 Primo
783 1797 845 1858 sio:
886 1799 966 1860 Ecce
991 1799 1049 1860 iste
1068 1801 1138 1862 vult
1157 1823 1232 1882 pro-

94 1895 236 1956 fundior
256 1914 316 1954 esee
335 1896 451 1969 Poeta,
496 1916 586 1974 quam
608 1895 756 1975 Magister
776 1896 949 1972 Ortuinua,
994 1909 1148 1960 ettamen
1175 1921 1233 1962 no-

92 2013 172 2054 men
200 2014 289 2054 soum
312 2015 377 2081 non
402 1995 528 2074 patitur.
589 1996 734 2056 Profecto
764 1995 912 2076 Magister
943 1996 1096 2060 Ortuinus
1118 2001 1233 2062 dicitur

93 2093 224 2172 Gratias
243 2112 262 2150 a
281 2093 441 2173 supernali
471 2093 586 2173 gratia,
629 2116 708 2174 quae
736 2107 867 2158 vocatur
896 2096 1004 2157 Gratia
1029 2101 1125 2180 gratis
1152 2101 1231 2174 date,

93 2191 168 2272 quia
189 2191 266 2251 alias
286 2211 351 2254 non
379 2193 519 2273 poteritis
541 2194 675 2255 scribere
704 2203 767 2254 tam
786 2194 946 2274 profunda
965 2196 1132 2260 dictamina
1152 2201 1232 2259 Poe-

93 2286 234 2359 tricclia,
265 2292 333 2353 sine
360 2293 416 2352 illa
441 2293 539 2374 gratio
565 2293 658 2374 gratis
689 2293 758 2352 data
784 2293 872 2356 vobis
900 2313 958 2373 per
988 2297 1140 2376 Spiritum
1160 2321 1232 2358 san-

92 2401 191 2466 ctum,
213 2391 279 2470 qni,
299 2391 355 2450 nbi
375 2392 454 2467 vult,
473 2393 588 2474 spirat,
610 2401 641 2452 et
660 2411 716 2452 vos
737 2391 829 2452 etiam
850 2392 1034 2476 impetrastis
1054 2415 1112 2475 per
1126 2396 1232 2463 bumi-

90 2491 216 2550 litatem
236 2501 388 2551 vestram:
430 2493 516 2552 Deus
538 2491 622 2552 enim
643 2491 759 2551 resistit
778 2492 928 2571 superbis,
951 2502 982 2553 et
996 2493 1166 2555 humilibus
1181 2496 1232 2558 dat

89 2589 239 2672 gratiam.
297 2589 360 2666 Qui
378 2601 511 2652 vestram
534 2591 691 2652 Poetriam
712 2575 821 2670 legeint
846 2601 878 2652 et
903 2591 1098 2674 intelligunt,
1135 2615 1230 2676 nego*

88 2692 174 2750 tium
199 2688 338 2750 fatentur
359 2689 392 2748 in
415 2691 602 2750 conscientia
623 2712 694 2766 sua,
718 2691 802 2771 quod
822 2711 886 2750 non
907 2691 1170 2773 hebetis-parem,
1201 2704 1232 2754 et

66 2789 262 2862 ¹mirantur,
282 2788 365 2866 quod
385 2789 443 2850 iste
464 2799 509 2850 est
528 2789 572 2849 sic
592 2789 726 2852 insulsus
747 2799 779 2852 et
799 2790 1038 2866 inverecundus,
1060 2794 1143 2874 quod
1165 2793 1231 2854 sult

82 2888 158 2950 'esse
177 2907 275 2968 super
294 2907 367 2964 vos3
386 2878 548 2968 ‘qnoniam
578 2911 658 2950 unus
683 2911 768 2978 puer·
795 2900 897 2971 posset
916 2890 1105 2970 intelligere,
1148 2896 1231 2974 quod

91 2989 186 3050 illum
214 2986 392 3060 excellitis,
429 2990 509 3049 sieut
537 2987 748 3052 Laborinthus
769 2989 940 3051 Cornetum
971 2994 1104 3052 excellit
1167 2997 1231 3076 Ipsi

91 3090 207 3150 volunt
225 3086 372 3164 colligere
396 3087 561 3148 dictamina
580 3099 697 3157 vestra,
737 3099 768 3148 et
788 3110 898 3151 curare
917 3091 1116 3172 imprimere,
1153 3117 1231 3174 quae

92 3190 127 3248 in
149 3187 247 3249 variis
267 3185 445 3247 tractatibus
469 3189 543 3248 hino
563 3189 637 3249 inde
657 3189 837 3268 scripsistis,
877 3190 1024 3251 videlicet
1045 3193 1080 3250 in
1099 3205 1231 3253 tractatu

93 3284 236 3364 Magistri
258 3283 357 3344 nostri
377 3285 417 3346 de
438 3287 590 3367 Tangeris
601 3327 610 3361 ,
630 3289 745 3348 summi
765 3289 914 3368 Regentie
932 3289 966 3348 in
979 3291 1071 3349 bursa
1087 3291 1231 3350 Lauren-

93 3386 145 3460 tii,
166 3388 203 3446 in
224 3394 358 3446 tractatu
378 3385 417 3444 de
437 3387 622 3447 scandalosis
642 3387 905 3468 propositionibus
919 3388 1045 3446 Joennis
1063 3370 1230 3463 Reochlin,

93 3487 127 3546 in
148 3481 338 3557 sentimento
360 3484 583 3560 Parrbisicnsi,
606 3487 640 3546 in
662 3487 766 3546 multia
787 3486 964 3546 tractatibus
984 3487 1116 3545 Domini
1135 3490 1230 3550 loan-

93 3587 141 3644 nis
163 3583 387 3657 Psefferkorn,
428 3585 482 3664 qui
502 3585 566 3646 fuit
588 3586 664 3646 olim
687 3583 836 3657 Iudaeus,
878 3592 908 3642 et
928 3603 1012 3642 nunc
1033 3595 1078 3644 est
1095 3586 1230 3666 optimus

8 3681 9 3684 ’
95 3681 299 3744 Christianus.
339 3681 402 3764 ipsi
423 3684 551 3754 timent,
580 3686 665 3765 qnod
686 3685 761 3745 alias
782 3692 890 3764 pereat
909 3691 1011 3742 vestra
1031 3684 1154 3756 Poetria
1168 3729 1177 3760 ,
1199 3697 1231 3746 et

95 3782 219 3856 dicunt,
259 3781 344 3861 quod
364 3791 443 3844 esset
465 3803 565 3846 unum
586 3785 758 3845 maximum
776 3780 954 3844 scandalum
975 3781 1061 3842 illios
1081 3781 1231 3863 temporis

98 3891 127 3941 et
146 3884 310 3961 peccatum
331 3883 480 3957 mortale,
504 3885 532 3944 si
553 3883 674 3964 periret
689 3903 747 3962 per
768 3880 1004 3962 negligentiam,
1031 3891 1063 3940 et
1083 3901 1146 3940 non
1168 3884 1230 3968 ipr-

96 3979 293 4060 primeretur.
337 3982 438 4042 Orant
451 3983 543 4042 etiam
564 3981 696 4042 Domini
715 3980 870 4060 Magistri,
898 3981 981 4059 quod
1003 3980 1174 4058 dignemini
1186 3982 1232 4041 si·

96 4079 127 4140 bi
147 4081 272 4158 mittere
292 4081 465 4162 apologiam
485 4092 618 4143 vestram
642 4091 749 4142 contra
777 4082 884 4140 Joann.
903 4079 1077 4154 Reuchlin,
1114 4080 1148 4140 in
1169 4102 1230 4160 que

96 4179 222 4241 realiter
241 4180 396 4242 tribulatis
418 4182 509 4242 illum
530 4193 727 4262 praetensum
747 4183 932 4252 Doctorem,
954 4179 1037 4258 quod
1058 4179 1157 4240 audet.
1172 4199 1230 4260 op-

96 4280 230 4355 positum
251 4293 360 4340 tenere
373 4283 481 4342 eontra
491 4292 624 4361 quatuor
640 4280 871 4344 Universitetes.
914 4280 1035 4340 Volunt
1046 4278 1228 4354 exscribere,
