2872 4722
208 298 268 362 136
500 299 972 362 ,EPISTOLAE

44 449 78 490 ·’
141 532 143 540 y
208 475 297 538 saepe
316 466 421 518 contra
433 465 583 519 tormenta
599 455 787 518 ventriculis.
811 457 939 534 ¹Valete
952 477 1021 518 cum
1038 467 1134 520 matre
1147 468 1259 522 vestra.
1285 461 1337 522 Ex

208 555 339 618 Colonia
358 557 478 616 adomo
486 556 615 616 Domini
634 556 759 618 loannis
774 552 983 628 Pfefferkorn.

209 725 296 802 Lyra
320 703 722 790 Buntsclzzrlsnsoolserius,v
748 721 879 781 Ordinis
912 725 1188 797 Praedicatorum,
1234 723 1335 784 Theol.

250 822 419 880 Guillermo
440 821 625 893 IIackineto,
651 824 707 902 qni
729 835 773 881 est
795 823 1013 906 Theologorum
1033 823 1293 902 theologissimua,

650 923 781 980 salutem
801 922 888 981 dicit.
1096 922 1115 962 ⁰

285 1056 350 1116 Vos
367 1056 528 1136 scripsistis
549 1056 626 1118 mihi
648 1079 688 1117 ex
706 1059 820 1139 Anglia
849 1059 887 1118 dc
910 1058 1056 1120 Londino
1087 1079 1179 1120 unam
1208 1057 1333 1140 longam

203 1155 343 1235 literam,
373 1156 505 1236 pulchre
524 1155 727 1232 latinisatam,
757 1159 790 1218 in
812 1178 872 1237 qua
892 1157 1059 1239 petivistis,
1087 1159 1170 1238 quod
1190 1156 1334 1218 deberem

202 1255 289 1314 vohis
307 1256 442 1316 scribere
464 1277 558 1316 unam
578 1258 764 1331 novitatem,
785 1257 850 1318 sive
870 1258 1000 1330 bonam,
1020 1259 1088 1320 sive
1108 1258 1233 1331 malam,
1261 1258 1335 1336 quia

203 1354 272 1414 estis
291 1356 474 1416 naturaliter
502 1356 666 1417 inclinatus
693 1357 731 1416 ad
758 1356 948 1418 audiendum
978 1377 1078 1431 nova,
1115 1357 1194 1416 sicut
1213 1355 1335 1416 faciunt

185 1472 323 1528 omnes,
345 1457 400 1534 qni
422 1467 494 1517 suut
516 1456 554 1515 de
576 1456 793 1537 complexione
816 1457 1000 1536 sanguinea,
1032 1467 1063 1516 et
1083 1455 1213 1516 audiunt
1231 1456 1334 1516 libeu-

201 1564 248 1612 ter
269 1554 436 1614 cantilenas
454 1556 630 1630 musicales,
660 1576 695 1614 ac
715 1556 874 1634 inmensa
896 1566 968 1616 sunt
989 1555 1086 1614 laetae
1107 1555 1227 1614 mentis.
1267 1555 1332 1634 Ego

201 1652 249 1711 fui
266 1655 356 1714 valde
376 1654 522 1728 laetatus,
562 1655 686 1736 quando
714 1655 818 1734 accepi
847 1665 979 1715 vestram
999 1655 1138 1728 literam,
1180 1655 1259 1714 sicut
1279 1655 1334 1734 qui

200 1751 320 1814 invenit
340 1773 435 1814 unam
458 1755 639 1835 praetiosum
663 1753 875 1834 margaritam,
907 1764 938 1813 et
959 1754 1078 1814 ostendi
1100 1774 1166 1814 eam
1188 1752 1331 1814 Dominis
1369 1759 1377 1768 '

140 1877 152 1884 -
200 1853 276 1911 meis
295 1855 406 1914 loanni
427 1856 563 1916 Grocino
586 1865 616 1915 ct
638 1855 789 1918 Linacro.
820 1853 938 1913 dicens:
968 1853 1087 1928 videte,
1109 1853 1240 1915 Domini
1261 1854 1334 1924 mei,

185 1952 312 2026 *videta
333 1975 438 2014 nonne
457 1955 514 2016 iste
528 1955 677 2034 Magister
691 1964 795 2012 noster
808 1962 853 2012 est
864 1953 1013 2012 ‘formalis
1033 1953 1067 2013 in
1088 1954 1284 2028 latinisando,
1304 1968 1335 2015 et

200 2055 413 2132 componendo
426 2055 607 2129 dictamina,
629 2053 954 2132 etarteepistolandil
975 2055 1017 2114 Et
1029 2055 1227 2134 juraverunt,
1250 2056 1334 2135 quod

173 2157 179 2167 '
201 2173 265 2211 non
278 2167 406 2232 possunt
413 2155 529 2215 similes
540 2154 878 2234 epistolascompcnere
888 2153 922 2212 in
931 2163 996 2215 arte
1003 2153 1172 2228 latinitatis,
1192 2156 1334 2235 quamvis

111 2279 115 2288 ¹
186 2263 272 2316 ,sunt
291 2253 404 2314 Poetae
424 2255 536 2315 Graeci
558 2267 588 2313 et
607 2253 724 2314 Latini.
764 2253 804 2312 Et
827 2253 1007 2314 extulerunt
1026 2274 1081 2314 vos
1101 2275 1195 2334 super
1216 2275 1334 2329 omnes,

200 2352 347 2431 quisunt
367 2355 400 2415 in
422 2356 549 2438 Anglia,
571 2356 703 2414 Francia
712 2353 921 2452 „Dermanim
942 2363 973 2414 et
993 2354 1078 2414 omni
1097 2355 1232 2429 natione,
1254 2376 1334 2436 quae

201 2453 258 2511 sub
279 2457 365 2515 coelo
384 2469 436 2516 cst.
486 2453 562 2517 Ideo
578 2475 642 2515 non
664 2462 742 2514 esset
755 2454 891 2527 mirum,
923 2453 1008 2533 quod
1027 2473 1082 2514 vos
1104 2455 1175 2515 estis
1196 2455 1336 2514 Genera⁴

201 2551 238 2611 lis
260 2554 294 2614 in
316 2567 418 2618 vestro
439 2558 574 2630 Ordine,
609 2565 640 2614 et
660 2554 743 2635 quod
762 2555 833 2614 Rex
852 2553 887 2612 in
908 2551 1010 2612 Gallia
1033 2552 1135 2634 diligit
1154 2569 1226 2626 vos;
1269 2561 1336 2614 non
1428 2591 1429 2598 κ

202 2653 285 2712 enim
304 2655 422 2717 habetis
442 2657 576 2716 similem
596 2656 630 2715 in
646 2654 851 2726 latinisando,
875 2651 1076 2732 disputando,
1098 2661 1129 2712 et
1149 2652 1335 2733 praedicau-

202 2753 258 2827 do,
280 2775 315 2814 ac
334 2757 417 2816 scitis
437 2758 554 2835 Regem
577 2775 647 2814 cum
668 2753 788 2832 Regina
810 2751 924 2832 optime
948 2751 1118 2812 informare
1145 2751 1180 2812 in
1207 2751 1336 2812 confes·

202 2855 298 2914 sione.
359 2857 461 2916 Etiam
481 2856 622 2916 istieduo
643 2855 756 2914 Poetae
776 2852 984 2912 laudaverunt
1003 2871 1077 2925 vos,
1111 2850 1193 2931 quod
1213 2851 1335 2912 habetis

203 2966 301 3013 artem
318 2954 565 3014 Rhetoricalem:
598 2973 709 3014 verum
735 2952 797 3011 fuit
816 2951 861 3010 ibi
883 2971 964 3010 unus
984 2948 1107 3029 juvenis
1128 2949 1247 3024 socius,
1281 2948 1334 3030 qui
1426 3031 1429 3036 Ι

202 3053 378 3114 intitulavit
397 3075 429 3112 se
449 3055 637 3116 Richardum
660 3053 811 3113 Crocum:
839 3049 895 3110 illc
916 3049 1121 3130 praesumpsit
1140 3061 1248 3110 contra
1268 3070 1334 3124 vos,

203 3153 286 3232 quod
305 3173 369 3212 non
390 3139 528 3215 scribatis
546 3153 715 3214 secundum
738 3150 859 3230 regulas
877 3149 951 3207 artis
971 3148 1196 3234 Rhetoricalis,
1223 3169 1336 3210 verum

203 3252 265 3313 fuit
285 3253 375 3314 valde
394 3255 555 3327 confusus,
578 3253 701 3332 quando
724 3250 829 3311 debuit
848 3249 989 3332 probare.
1028 3249 1097 3328 lpse
1118 3269 1203 3309 nunc
1222 3258 1282 3308 stat
1298 3247 1334 3308 in

203 3352 376 3432 Lyptzick,
408 3363 439 3414 et
458 3355 549 3414 discit
566 3352 696 3433 logicam
716 3350 802 3410 Petri
822 3348 969 3429 Hispani,
998 3347 1106 3422 credo,
1128 3348 1211 3427 quod
1228 3358 1337 3428 postea

205 3453 265 3510 erit
278 3452 404 3513 cautior.
435 3453 442 3466 '
469 3453 531 3513 Sed
553 3452 663 3512 accedo
691 3451 730 3511 ad
749 3450 914 3510 novitates:
957 3446 1164 3508 Schwizenses
1184 3457 1215 3506 et
1233 3447 1336 3506 Lans-

205 3551 333 3611 knechti
354 3553 497 3615 fecerunt
518 3571 611 3614 unam
627 3571 766 3630 magnam
788 3567 930 3628 guerram
951 3547 1034 3608 inter
1045 3567 1078 3607 ss
1085 3587 1094 3622 ,
1115 3544 1336 3606 interficientes
1387 3544 1393 3551 “

204 3671 237 3709 se
256 3652 294 3710 ad
316 3654 414 3712 multa
435 3653 541 3713 millia.
576 3653 632 3712 Est
650 3649 836 3721 timendum,
871 3647 955 3728 quod
977 3647 1081 3707 nullus
1099 3645 1228 3706 illorum
1248 3644 1337 3705 venit

204 3751 239 3808 in
261 3751 381 3810 coelum
392 3773 400 3828 3
437 3755 509 3831 quia
528 3754 648 3813 faciunt
667 3758 795 3831 propter
817 3749 1000 3828 pecuniam,
1028 3755 1058 3806 et
1080 3766 1160 3806 uuus
1180 3745 1335 3806 Christia-

206 3871 264 3910 nus
293 3870 358 3911 non
385 3852 475 3913 debet
502 3851 677 3912 interlicere
703 3850 808 3909 alium.
872 3848 934 3908 Sed
961 3867 1017 3908 vos
1037 3845 1095 3906 ista
1115 3866 1180 3906 non
1202 3846 1336 3920 curatis3

204 3963 276 4009 sunt
303 3953 388 4010 enim
413 3953 501 4013 leves
525 3957 696 4033 personae,
737 3959 768 4012 et
794 3957 966 4027 sequauttur
993 3945 1077 4006 rixas
1105 3966 1145 4005 ex
1164 3944 1334 4026 proposito.

206 4049 276 4112 Alia
298 4052 418 4111 novitas
437 4061 483 4112 est
501 4051 598 4132 pejor.
639 4052 725 4110 Deus
747 4047 815 4120 det,
846 4045 929 4125 qued
947 4064 1011 4106 non
1031 4055 1104 4106 sunt
1123 4065 1207 4106 vera.
1249 4043 1336 4104 Scri-

205 4150 283 4208 bunt
303 4150 341 4208 da
359 4151 475 4226 Roma,
512 4151 595 4230 qnod
616 4148 784 4229 Speculum
805 4145 931 4207 loannis
950 4145 1106 4206 Rcuchlin
1131 4153 1175 4206 cst
1188 4145 1229 4205 de
1249 4161 1335 4204 novo

206 4249 385 4322 translatus,
408 4250 447 4308 de
466 4260 603 4316 materna
622 4248 730 4328 lingua
749 4246 783 4306 in
805 4245 970 4320 Latinum,
994 4265 1034 4308 ex
1048 4244 1191 4307 mandato
1205 4241 1335 4304 Domini
