<?xml version="1.0" encoding="UTF-8"?>
<!DOCTYPE html PUBLIC "-//W3C//DTD XHTML 1.0 Transitional//EN"
    "http://www.w3.org/TR/xhtml1/DTD/xhtml1-transitional.dtd">
<html xmlns="http://www.w3.org/1999/xhtml" xml:lang="en" lang="en">
 <head>
  <title>
</title>
<meta http-equiv="Content-Type" content="text/html;charset=utf-8" />
  <meta name='ocr-system' content='tesseract 3.04.00' />
  <meta name='ocr-capabilities' content='ocr_page ocr_carea ocr_par ocr_line ocrx_word'/>
</head>
<body>
  <div class='ocr_page' id='page_1' title='image "./ulrichiabhutten04mngoog_0097.png"; bbox 0 0 2872 4722; ppageno 0'>
   <div class='ocr_carea' id='block_1_1' title="bbox 372 337 1207 408">
    <p class='ocr_par' dir='ltr' id='par_1_1' title="bbox 372 337 1207 408">
     <span class='ocr_line' id='line_1_1' title="bbox 372 337 1207 408; baseline 0.013 -11"><span class='ocrx_word' id='word_1_1' title='bbox 372 337 652 402; x_wconf 26' lang='grc' dir='ltr'><strong>οΒΗ80οΒ</strong></span> <span class='ocrx_word' id='word_1_2' title='bbox 693 337 920 400; x_wconf 79' lang='lat' dir='ltr'>VIROR.</span> <span class='ocrx_word' id='word_1_3' title='bbox 1165 341 1207 408; x_wconf 79' lang='lat'><strong>83</strong></span> 
     </span>
    </p>
   </div>
   <div class='ocr_carea' id='block_1_2' title="bbox 76 435 1224 978">
    <p class='ocr_par' dir='ltr' id='par_1_2' title="bbox 76 435 1224 978">
     <span class='ocr_line' id='line_1_2' title="bbox 79 435 1208 582; baseline 0.003 -26"><span class='ocrx_word' id='word_1_4' title='bbox 79 517 199 572; x_wconf 74' lang='lat' dir='ltr'><strong>ennea</strong></span> <span class='ocrx_word' id='word_1_5' title='bbox 202 493 331 556; x_wconf 75' lang='lat' dir='ltr'><strong>fabular</strong></span> <span class='ocrx_word' id='word_1_6' title='bbox 350 493 516 574; x_wconf 84' lang='lat' dir='ltr'><strong>allegorice</strong></span> <span class='ocrx_word' id='word_1_7' title='bbox 535 501 567 554; x_wconf 89' lang='lat' dir='ltr'><strong>et</strong></span> <span class='ocrx_word' id='word_1_8' title='bbox 585 492 766 570; x_wconf 86' lang='lat' dir='ltr'><strong>literuliter,</strong></span> <span class='ocrx_word' id='word_1_9' title='bbox 789 469 820 554; x_wconf 83' lang='lat' dir='ltr'><strong>et</strong></span> <span class='ocrx_word' id='word_1_10' title='bbox 834 513 892 575; x_wconf 86' lang='lat' dir='ltr'><strong>ego</strong></span> <span class='ocrx_word' id='word_1_11' title='bbox 912 435 963 556; x_wconf 81' lang='lat' dir='ltr'><strong>l&#39;ui</strong></span> <span class='ocrx_word' id='word_1_12' title='bbox 983 495 1107 559; x_wconf 85' lang='lat' dir='ltr'><strong>auditor</strong></span> <span class='ocrx_word' id='word_1_13' title='bbox 1129 499 1208 582; x_wconf 86' lang='lat' dir='ltr'><strong>ejm,</strong></span> 
     </span>
     <span class='ocr_line' id='line_1_3' title="bbox 79 591 1220 678; baseline -0.001 -21"><span class='ocrx_word' id='word_1_14' title='bbox 79 597 149 678; x_wconf 86' lang='lat' dir='ltr'><strong>quia</strong></span> <span class='ocrx_word' id='word_1_15' title='bbox 167 594 305 676; x_wconf 77' lang='lat' dir='ltr'>exponit</span> <span class='ocrx_word' id='word_1_16' title='bbox 324 593 460 656; x_wconf 87' lang='lat' dir='ltr'><strong>multum</strong></span> <span class='ocrx_word' id='word_1_17' title='bbox 479 591 770 666; x_wconf 72' lang='lat' dir='ltr'><strong>fundamentaliter,</strong></span> <span class='ocrx_word' id='word_1_18' title='bbox 799 601 831 654; x_wconf 88' lang='lat' dir='ltr'><strong>et</strong></span> <span class='ocrx_word' id='word_1_19' title='bbox 841 593 946 654; x_wconf 89' lang='lat' dir='ltr'><strong>-etiam</strong></span> <span class='ocrx_word' id='word_1_20' title='bbox 965 595 1071 676; x_wconf 83' lang='lat' dir='ltr'><strong>legit</strong></span> <span class='ocrx_word' id='word_1_21' title='bbox 1060 617 1095 657; x_wconf 88' lang='grc' dir='ltr'><strong>ιιι</strong></span> <span class='ocrx_word' id='word_1_22' title='bbox 1113 597 1220 658; x_wconf 87' lang='lat' dir='ltr'><strong>domo</strong></span> 
     </span>
     <span class='ocr_line' id='line_1_4' title="bbox 77 691 1206 775; baseline 0.004 -21"><span class='ocrx_word' id='word_1_23' title='bbox 77 717 128 758; x_wconf 84' lang='lat' dir='ltr'><strong>suu</strong></span> <span class='ocrx_word' id='word_1_24' title='bbox 139 693 380 774; x_wconf 74' lang='lat' dir='ltr'><strong>Quintilianum</strong></span> <span class='ocrx_word' id='word_1_25' title='bbox 400 702 433 752; x_wconf 90' lang='lat' dir='ltr'><strong>et</strong></span> <span class='ocrx_word' id='word_1_26' title='bbox 448 694 640 760; x_wconf 79' lang='lat' dir='ltr'><strong>lavercum,</strong></span> <span class='ocrx_word' id='word_1_27' title='bbox 684 691 800 772; x_wconf 83' lang='lat' dir='ltr'><strong>etipse</strong></span> <span class='ocrx_word' id='word_1_28' title='bbox 819 693 920 754; x_wconf 87' lang='lat' dir='ltr'><strong>tenuit</strong></span> <span class='ocrx_word' id='word_1_29' title='bbox 940 694 1115 775; x_wconf 83' lang='lat' dir='ltr'><strong>oppositum</strong></span> <span class='ocrx_word' id='word_1_30' title='bbox 1137 697 1206 758; x_wconf 89' lang='lat' dir='ltr'><strong>Ma·</strong></span> 
     </span>
     <span class='ocr_line' id='line_1_5' title="bbox 76 789 1208 876; baseline 0.005 -22"><span class='ocrx_word' id='word_1_31' title='bbox 76 795 170 874; x_wconf 75' lang='lat' dir='ltr'><strong>gistro</strong></span> <span class='ocrx_word' id='word_1_32' title='bbox 192 793 455 865; x_wconf 85' lang='lat' dir='ltr'><strong>Warmsemmel,</strong></span> <span class='ocrx_word' id='word_1_33' title='bbox 486 800 518 851; x_wconf 88' lang='lat' dir='ltr'><strong>et</strong></span> <span class='ocrx_word' id='word_1_34' title='bbox 533 790 628 864; x_wconf 81' lang='lat' dir='ltr'><strong>dixit,</strong></span> <span class='ocrx_word' id='word_1_35' title='bbox 660 789 746 871; x_wconf 74' lang='lat' dir='ltr'><strong>&#39;quod</strong></span> <span class='ocrx_word' id='word_1_36' title='bbox 770 791 915 870; x_wconf 83' lang='lat' dir='ltr'><strong>debemus</strong></span> <span class='ocrx_word' id='word_1_37' title='bbox 936 793 1040 856; x_wconf 86' lang='lat' dir='ltr'><strong>dicere</strong></span> <span class='ocrx_word' id='word_1_38' title='bbox 1061 795 1208 876; x_wconf 68' lang='lat' dir='ltr'><strong>Magister</strong></span> 
     </span>
     <span class='ocr_line' id='line_1_6' title="bbox 77 875 1224 978; baseline 0.003 -24"><span class='ocrx_word' id='word_1_39' title='bbox 77 892 272 956; x_wconf 74' lang='lat' dir='ltr'><strong>normandus.</strong></span> <span class='ocrx_word' id='word_1_40' title='bbox 314 892 400 970; x_wconf 86' lang='lat' dir='ltr'><strong>Quia</strong></span> <span class='ocrx_word' id='word_1_41' title='bbox 418 892 498 954; x_wconf 87' lang='lat' dir='ltr'><strong>sicut</strong></span> <span class='ocrx_word' id='word_1_42' title='bbox 519 901 565 952; x_wconf 85' lang='lat' dir='ltr'><strong>eet</strong></span> <span class='ocrx_word' id='word_1_43' title='bbox 583 890 758 952; x_wconf 82' lang='lat' dir='ltr'><strong>differentia</strong></span> <span class='ocrx_word' id='word_1_44' title='bbox 778 889 862 952; x_wconf 88' lang='lat' dir='ltr'><strong>inter</strong></span> <span class='ocrx_word' id='word_1_45' title='bbox 876 891 1024 973; x_wconf 87' lang='lat' dir='ltr'><strong>Magister</strong></span> <span class='ocrx_word' id='word_1_46' title='bbox 1042 904 1156 970; x_wconf 89' lang='lat' dir='ltr'><strong>noster,</strong></span> <span class='ocrx_word' id='word_1_47' title='bbox 1178 875 1224 978; x_wconf 29' lang='lat' dir='ltr'><strong>ct:</strong></span> 
     </span>
    </p>
   </div>
   <div class='ocr_carea' id='block_1_3' title="bbox 74 988 1226 1470">
    <p class='ocr_par' dir='ltr' id='par_1_3' title="bbox 74 988 1226 1470">
     <span class='ocr_line' id='line_1_7' title="bbox 76 988 1209 1074; baseline 0 -20"><span class='ocrx_word' id='word_1_48' title='bbox 76 1002 190 1058; x_wconf 79' lang='grc' dir='ltr'><strong>ιιοιισι·</strong></span> <span class='ocrx_word' id='word_1_49' title='bbox 199 990 371 1071; x_wconf 73' lang='lat' dir='ltr'><strong>Magister,</strong></span> <span class='ocrx_word' id='word_1_50' title='bbox 414 990 467 1054; x_wconf 87' lang='lat' dir='ltr'><strong>ita</strong></span> <span class='ocrx_word' id='word_1_51' title='bbox 482 989 574 1052; x_wconf 87' lang='lat' dir='ltr'><strong>etiam</strong></span> <span class='ocrx_word' id='word_1_52' title='bbox 600 1000 646 1052; x_wconf 87' lang='lat' dir='ltr'><strong>est</strong></span> <span class='ocrx_word' id='word_1_53' title='bbox 673 988 851 1050; x_wconf 85' lang='lat' dir='ltr'><strong>differentia</strong></span> <span class='ocrx_word' id='word_1_54' title='bbox 877 989 960 1052; x_wconf 87' lang='lat' dir='ltr'><strong>iuter</strong></span> <span class='ocrx_word' id='word_1_55' title='bbox 980 992 1128 1074; x_wconf 77' lang='lat' dir='ltr'><strong>Magister</strong></span> <span class='ocrx_word' id='word_1_56' title='bbox 1149 1014 1209 1058; x_wconf 87' lang='lat' dir='ltr'><strong>no-</strong></span> 
     </span>
     <span class='ocr_line' id='line_1_8' title="bbox 76 1087 1209 1174; baseline 0.003 -22"><span class='ocrx_word' id='word_1_57' title='bbox 76 1104 138 1154; x_wconf 82' lang='lat' dir='ltr'><strong>ster</strong></span> <span class='ocrx_word' id='word_1_58' title='bbox 169 1089 359 1152; x_wconf 76' lang='lat' dir='ltr'><strong>noctraudua</strong></span> <span class='ocrx_word' id='word_1_59' title='bbox 371 1131 382 1166; x_wconf 95' lang='lat'><strong>,</strong></span> <span class='ocrx_word' id='word_1_60' title='bbox 428 1100 460 1152; x_wconf 89' lang='lat' dir='ltr'><strong>et</strong></span> <span class='ocrx_word' id='word_1_61' title='bbox 497 1101 602 1150; x_wconf 87' lang='lat' dir='ltr'><strong>noster</strong></span> <span class='ocrx_word' id='word_1_62' title='bbox 639 1087 875 1169; x_wconf 79' lang='lat' dir='ltr'><strong>Magistraudua</strong></span> <span class='ocrx_word' id='word_1_63' title='bbox 938 1090 1023 1168; x_wconf 84' lang='lat' dir='ltr'><strong>Quia</strong></span> <span class='ocrx_word' id='word_1_64' title='bbox 1061 1091 1209 1174; x_wconf 85' lang='lat' dir='ltr'><strong>Magister</strong></span> 
     </span>
     <span class='ocr_line' id='line_1_9' title="bbox 76 1175 1226 1284; baseline 0.003 -32"><span class='ocrx_word' id='word_1_65' title='bbox 76 1191 194 1252; x_wconf 88' lang='lat' dir='ltr'><strong>dicitur</strong></span> <span class='ocrx_word' id='word_1_66' title='bbox 213 1189 368 1254; x_wconf 88' lang='lat' dir='ltr'><strong>Doctur&#39;</strong></span> <span class='ocrx_word' id='word_1_67' title='bbox 357 1211 392 1250; x_wconf 90' lang='grc' dir='ltr'><strong>ιιι</strong></span> <span class='ocrx_word' id='word_1_68' title='bbox 405 1189 594 1270; x_wconf 81' lang='lat' dir='ltr'><strong>Theologin,</strong></span> <span class='ocrx_word' id='word_1_69' title='bbox 617 1199 648 1250; x_wconf 88' lang='lat' dir='ltr'><strong>et</strong></span> <span class='ocrx_word' id='word_1_70' title='bbox 667 1198 712 1248; x_wconf 83' lang='lat' dir='ltr'><strong>eat</strong></span> <span class='ocrx_word' id='word_1_71' title='bbox 730 1209 794 1248; x_wconf 89' lang='lat' dir='ltr'><strong>una</strong></span> <span class='ocrx_word' id='word_1_72' title='bbox 812 1187 923 1284; x_wconf 74' lang='lat' dir='ltr'><strong>dictio,</strong></span> <span class='ocrx_word' id='word_1_73' title='bbox 943 1190 997 1250; x_wconf 89' lang='lat' dir='ltr'><strong>sed</strong></span> <span class='ocrx_word' id='word_1_74' title='bbox 1017 1201 1122 1254; x_wconf 87' lang='lat' dir='ltr'><strong>noster</strong></span> <span class='ocrx_word' id='word_1_75' title='bbox 1138 1195 1210 1254; x_wconf 87' lang='lat' dir='ltr'><strong>Ma-</strong></span> <span class='ocrx_word' id='word_1_76' title='bbox 1223 1175 1226 1182; x_wconf 16' lang='grc' dir='ltr'><strong>Α</strong></span> 
     </span>
     <span class='ocr_line' id='line_1_10' title="bbox 75 1286 1209 1372; baseline 0.003 -22"><span class='ocrx_word' id='word_1_77' title='bbox 75 1292 173 1372; x_wconf 85' lang='lat' dir='ltr'><strong>gieter</strong></span> <span class='ocrx_word' id='word_1_78' title='bbox 195 1299 270 1350; x_wconf 86' lang='lat' dir='ltr'><strong>aunt</strong></span> <span class='ocrx_word' id='word_1_79' title='bbox 289 1288 370 1348; x_wconf 88' lang='lat' dir='ltr'><strong>dnae</strong></span> <span class='ocrx_word' id='word_1_80' title='bbox 390 1287 556 1363; x_wconf 86' lang='lat' dir='ltr'><strong>dictiones,</strong></span> <span class='ocrx_word' id='word_1_81' title='bbox 578 1299 611 1348; x_wconf 86' lang='lat' dir='ltr'><strong>et.</strong></span> <span class='ocrx_word' id='word_1_82' title='bbox 628 1286 762 1350; x_wconf 83' lang='lat' dir='ltr'><strong>rumitur</strong></span> <span class='ocrx_word' id='word_1_83' title='bbox 783 1306 841 1368; x_wconf 90' lang='lat' dir='ltr'><strong>pro</strong></span> <span class='ocrx_word' id='word_1_84' title='bbox 860 1306 1047 1368; x_wconf 87' lang='lat' dir='ltr'><strong>unoquoque</strong></span> <span class='ocrx_word' id='word_1_85' title='bbox 1060 1290 1209 1372; x_wconf 86' lang='lat' dir='ltr'><strong>Magiatro</strong></span> 
     </span>
     <span class='ocr_line' id='line_1_11' title="bbox 74 1384 1210 1470; baseline 0.002 -22"><span class='ocrx_word' id='word_1_86' title='bbox 74 1391 110 1450; x_wconf 91' lang='lat' dir='ltr'><strong>in</strong></span> <span class='ocrx_word' id='word_1_87' title='bbox 134 1386 469 1470; x_wconf 80' lang='lat' dir='ltr'><strong>quacunquescientia</strong></span> <span class='ocrx_word' id='word_1_88' title='bbox 488 1386 628 1460; x_wconf 88' lang='lat' dir='ltr'><strong>liberali,</strong></span> <span class='ocrx_word' id='word_1_89' title='bbox 649 1407 705 1446; x_wconf 88' lang='lat' dir='ltr'><strong>seu</strong></span> <span class='ocrx_word' id='word_1_90' title='bbox 724 1384 902 1446; x_wconf 86' lang='lat' dir='ltr'><strong>mechanica</strong></span> <span class='ocrx_word' id='word_1_91' title='bbox 922 1386 1070 1462; x_wconf 83' lang='lat' dir='ltr'><strong>manuali,</strong></span> <span class='ocrx_word' id='word_1_92' title='bbox 1091 1407 1147 1452; x_wconf 87' lang='lat' dir='ltr'><strong>seu</strong></span> <span class='ocrx_word' id='word_1_93' title='bbox 1158 1409 1210 1450; x_wconf 83' lang='lat' dir='ltr'><strong>ca·</strong></span> 
     </span>
    </p>
   </div>
   <div class='ocr_carea' id='block_1_4' title="bbox 68 1473 1312 1570">
    <p class='ocr_par' dir='ltr' id='par_1_4' title="bbox 68 1473 1312 1570">
     <span class='ocr_line' id='line_1_12' title="bbox 68 1473 1312 1570; baseline 0.002 -22"><span class='ocrx_word' id='word_1_94' title='bbox 68 1488 188 1570; x_wconf 81' lang='lat' dir='ltr'><strong>pituli,</strong></span> <span class='ocrx_word' id='word_1_95' title='bbox 210 1497 242 1548; x_wconf 89' lang='lat' dir='ltr'><strong>et</strong></span> <span class='ocrx_word' id='word_1_96' title='bbox 261 1506 325 1548; x_wconf 90' lang='lat' dir='ltr'><strong>nun</strong></span> <span class='ocrx_word' id='word_1_97' title='bbox 339 1487 439 1548; x_wconf 86' lang='lat' dir='ltr'><strong>obstat</strong></span> <span class='ocrx_word' id='word_1_98' title='bbox 457 1485 542 1566; x_wconf 86' lang='lat' dir='ltr'><strong>quod</strong></span> <span class='ocrx_word' id='word_1_99' title='bbox 561 1495 667 1548; x_wconf 83' lang='lat' dir='ltr'><strong>nostro</strong></span> <span class='ocrx_word' id='word_1_100' title='bbox 678 1527 688 1559; x_wconf 94' lang='lat'><strong>,</strong></span> <span class='ocrx_word' id='word_1_101' title='bbox 710 1496 787 1560; x_wconf 87' lang='lat' dir='ltr'><strong>tras,</strong></span> <span class='ocrx_word' id='word_1_102' title='bbox 808 1494 910 1560; x_wconf 84' lang='lat' dir='ltr'><strong>trare,</strong></span> <span class='ocrx_word' id='word_1_103' title='bbox 931 1505 995 1546; x_wconf 90' lang='lat' dir='ltr'><strong>non</strong></span> <span class='ocrx_word' id='word_1_104' title='bbox 1019 1485 1119 1548; x_wconf 89' lang='lat' dir='ltr'><strong>estin</strong></span> <span class='ocrx_word' id='word_1_105' title='bbox 1140 1473 1210 1564; x_wconf 58' lang='grc' dir='ltr'><strong>ὧι,</strong></span> <span class='ocrx_word' id='word_1_106' title='bbox 1306 1545 1312 1562; x_wconf 79' lang='grc'><em>,</em></span> 
     </span>
    </p>
   </div>
   <div class='ocr_carea' id='block_1_5' title="bbox 73 1583 1223 3944">
    <p class='ocr_par' dir='ltr' id='par_1_5' title="bbox 73 1583 1222 2460">
     <span class='ocr_line' id='line_1_13' title="bbox 75 1583 1210 1668; baseline 0.002 -20"><span class='ocrx_word' id='word_1_107' title='bbox 75 1587 154 1668; x_wconf 87' lang='lat' dir='ltr'><strong>quia</strong></span> <span class='ocrx_word' id='word_1_108' title='bbox 174 1605 336 1666; x_wconf 82' lang='lat' dir='ltr'><strong>poaeumur</strong></span> <span class='ocrx_word' id='word_1_109' title='bbox 356 1583 475 1664; x_wconf 88' lang='lat' dir='ltr'><strong>fingere</strong></span> <span class='ocrx_word' id='word_1_110' title='bbox 496 1603 579 1647; x_wconf 84' lang='lat' dir='ltr'><strong>nova</strong></span> <span class='ocrx_word' id='word_1_111' title='bbox 599 1583 766 1656; x_wconf 83' lang='lat' dir='ltr'><strong>vocabula,</strong></span> <span class='ocrx_word' id='word_1_112' title='bbox 801 1594 832 1645; x_wconf 93' lang='lat' dir='ltr'><strong>et</strong></span> <span class='ocrx_word' id='word_1_113' title='bbox 860 1584 926 1664; x_wconf 88' lang='lat' dir='ltr'><strong>ipae</strong></span> <span class='ocrx_word' id='word_1_114' title='bbox 953 1585 1099 1667; x_wconf 79' lang='lat' dir='ltr'><strong>allegavit</strong></span> <span class='ocrx_word' id='word_1_115' title='bbox 1117 1591 1210 1668; x_wconf 77' lang='lat' dir='ltr'><strong>super</strong></span> 
     </span>
     <span class='ocr_line' id='line_1_14' title="bbox 73 1681 1210 1768; baseline -0.001 -20"><span class='ocrx_word' id='word_1_116' title='bbox 73 1686 141 1748; x_wconf 83' lang='lat' dir='ltr'><strong>lroc</strong></span> <span class='ocrx_word' id='word_1_117' title='bbox 158 1685 334 1746; x_wconf 82' lang='lat' dir='ltr'><strong>Horatium.</strong></span> <span class='ocrx_word' id='word_1_118' title='bbox 368 1685 461 1746; x_wconf 88' lang='lat' dir='ltr'><strong>Tunc</strong></span> <span class='ocrx_word' id='word_1_119' title='bbox 481 1684 624 1763; x_wconf 79' lang='lat' dir='ltr'><strong>Magistri</strong></span> <span class='ocrx_word' id='word_1_120' title='bbox 645 1685 778 1744; x_wconf 90' lang='lat' dir='ltr'><strong>multum</strong></span> <span class='ocrx_word' id='word_1_121' title='bbox 799 1681 1032 1746; x_wconf 80' lang='lat' dir='ltr'><strong>admirareruut</strong></span> <span class='ocrx_word' id='word_1_122' title='bbox 1054 1685 1210 1768; x_wconf 50' lang='lat' dir='ltr'><strong>subtiliter</strong></span> 
     </span>
     <span class='ocr_line' id='line_1_15' title="bbox 74 1781 1211 1868; baseline 0.001 -24"><span class='ocrx_word' id='word_1_123' title='bbox 74 1795 170 1856; x_wconf 87' lang='lat' dir='ltr'><strong>tem,</strong></span> <span class='ocrx_word' id='word_1_124' title='bbox 191 1791 224 1844; x_wconf 89' lang='lat' dir='ltr'><strong>et</strong></span> <span class='ocrx_word' id='word_1_125' title='bbox 243 1803 321 1844; x_wconf 86' lang='lat' dir='ltr'><strong>unua</strong></span> <span class='ocrx_word' id='word_1_126' title='bbox 339 1781 478 1863; x_wconf 82' lang='lat' dir='ltr'><strong>portavit</strong></span> <span class='ocrx_word' id='word_1_127' title='bbox 499 1781 530 1842; x_wconf 89' lang='lat' dir='ltr'><strong>ei</strong></span> <span class='ocrx_word' id='word_1_128' title='bbox 549 1802 647 1844; x_wconf 92' lang='lat' dir='ltr'><strong>uuum</strong></span> <span class='ocrx_word' id='word_1_129' title='bbox 668 1781 849 1844; x_wconf 83' lang='lat' dir='ltr'><strong>cantharum</strong></span> <span class='ocrx_word' id='word_1_130' title='bbox 874 1782 1040 1844; x_wconf 74' lang='lat' dir='ltr'><strong>cerevisiae</strong></span> <span class='ocrx_word' id='word_1_131' title='bbox 1065 1783 1211 1868; x_wconf 71' lang='lat' dir='ltr'><strong>Neubur·¹</strong></span> 
     </span>
     <span class='ocr_line' id='line_1_16' title="bbox 74 1880 1211 1964; baseline 0 -22"><span class='ocrx_word' id='word_1_132' title='bbox 74 1883 196 1964; x_wconf 73' lang='lat' dir='ltr'><strong>gensis.</strong></span> <span class='ocrx_word' id='word_1_133' title='bbox 239 1883 279 1942; x_wconf 89' lang='lat' dir='ltr'><strong>Et</strong></span> <span class='ocrx_word' id='word_1_134' title='bbox 297 1883 358 1962; x_wconf 85' lang='lat' dir='ltr'><strong>ipse</strong></span> <span class='ocrx_word' id='word_1_135' title='bbox 379 1882 479 1942; x_wconf 82' lang='lat' dir='ltr'><strong>dixit:</strong></span> <span class='ocrx_word' id='word_1_136' title='bbox 521 1901 576 1962; x_wconf 84' lang='lat' dir='ltr'><strong>ego</strong></span> <span class='ocrx_word' id='word_1_137' title='bbox 597 1881 671 1941; x_wconf 86' lang='lat' dir='ltr'><strong>volo</strong></span> <span class='ocrx_word' id='word_1_138' title='bbox 691 1889 868 1961; x_wconf 83' lang='lat' dir='ltr'><strong>expectare,</strong></span> <span class='ocrx_word' id='word_1_139' title='bbox 895 1880 949 1942; x_wconf 89' lang='lat' dir='ltr'><strong>sed</strong></span> <span class='ocrx_word' id='word_1_140' title='bbox 969 1880 1101 1963; x_wconf 73' lang='lat' dir='ltr'><strong>parcatis</strong></span> <span class='ocrx_word' id='word_1_141' title='bbox 1121 1882 1211 1957; x_wconf 80' lang='lat' dir='ltr'><strong>milri,</strong></span> 
     </span>
     <span class='ocr_line' id='line_1_17' title="bbox 76 1977 1222 2064; baseline 0.003 -22"><span class='ocrx_word' id='word_1_142' title='bbox 76 1993 113 2042; x_wconf 87' lang='lat' dir='ltr'><strong>et</strong></span> <span class='ocrx_word' id='word_1_143' title='bbox 128 1980 233 2062; x_wconf 88' lang='lat' dir='ltr'><strong>tetigit</strong></span> <span class='ocrx_word' id='word_1_144' title='bbox 250 1981 409 2050; x_wconf 83' lang='lat' dir='ltr'><strong>binetum,</strong></span> <span class='ocrx_word' id='word_1_145' title='bbox 429 1989 461 2040; x_wconf 89' lang='lat' dir='ltr'><strong>et</strong></span> <span class='ocrx_word' id='word_1_146' title='bbox 477 1980 548 2042; x_wconf 89' lang='lat' dir='ltr'><strong>risit</strong></span> <span class='ocrx_word' id='word_1_147' title='bbox 564 1980 715 2053; x_wconf 78' lang='lat' dir='ltr'><strong>hilariter,</strong></span> <span class='ocrx_word' id='word_1_148' title='bbox 739 1990 770 2038; x_wconf 86' lang='lat' dir='ltr'><strong>et</strong></span> <span class='ocrx_word' id='word_1_149' title='bbox 787 1977 922 2059; x_wconf 87' lang='lat' dir='ltr'><strong>portavit</strong></span> <span class='ocrx_word' id='word_1_150' title='bbox 930 1980 1222 2064; x_wconf 82' lang='lat' dir='ltr'><strong>MagiaterWarru-&#39;</strong></span> 
     </span>
     <span class='ocr_line' id='line_1_18' title="bbox 75 2067 1212 2163; baseline 0 -21"><span class='ocrx_word' id='word_1_151' title='bbox 75 2081 230 2154; x_wconf 72' lang='lat' dir='ltr'><strong>semmel,</strong></span> <span class='ocrx_word' id='word_1_152' title='bbox 253 2088 285 2140; x_wconf 89' lang='lat' dir='ltr'><strong>ct</strong></span> <span class='ocrx_word' id='word_1_153' title='bbox 303 2075 402 2140; x_wconf 80' lang='lat' dir='ltr'><strong>dixit:</strong></span> <span class='ocrx_word' id='word_1_154' title='bbox 443 2079 523 2142; x_wconf 86' lang='lat' dir='ltr'><strong>Ecce</strong></span> <span class='ocrx_word' id='word_1_155' title='bbox 542 2080 681 2142; x_wconf 89' lang='lat' dir='ltr'><strong>Domine</strong></span> <span class='ocrx_word' id='word_1_156' title='bbox 709 2067 875 2156; x_wconf 84' lang='lat' dir='ltr'><strong>Magiater,</strong></span> <span class='ocrx_word' id='word_1_157' title='bbox 914 2099 954 2140; x_wconf 87' lang='lat' dir='ltr'><strong>ne</strong></span> <span class='ocrx_word' id='word_1_158' title='bbox 984 2079 1100 2160; x_wconf 78' lang='lat' dir='ltr'><strong>putetis</strong></span> <span class='ocrx_word' id='word_1_159' title='bbox 1128 2081 1212 2163; x_wconf 90' lang='lat' dir='ltr'><strong>quod</strong></span> 
     </span>
     <span class='ocr_line' id='line_1_19' title="bbox 78 2175 1220 2262; baseline 0.001 -20"><span class='ocrx_word' id='word_1_160' title='bbox 78 2201 149 2242; x_wconf 84' lang='lat' dir='ltr'><strong>aum</strong></span> <span class='ocrx_word' id='word_1_161' title='bbox 176 2178 325 2240; x_wconf 89' lang='lat' dir='ltr'><strong>inimicus</strong></span> <span class='ocrx_word' id='word_1_162' title='bbox 353 2186 475 2246; x_wconf 82' lang='lat' dir='ltr'><strong>vester,</strong></span> <span class='ocrx_word' id='word_1_163' title='bbox 512 2188 543 2240; x_wconf 82' lang='lat' dir='ltr'><strong>et</strong></span> <span class='ocrx_word' id='word_1_164' title='bbox 568 2178 647 2238; x_wconf 88' lang='lat' dir='ltr'><strong>bibit</strong></span> <span class='ocrx_word' id='word_1_165' title='bbox 672 2177 707 2240; x_wconf 90' lang='lat' dir='ltr'><strong>iu</strong></span> <span class='ocrx_word' id='word_1_166' title='bbox 734 2196 797 2238; x_wconf 86' lang='lat' dir='ltr'><strong>unc</strong></span> <span class='ocrx_word' id='word_1_167' title='bbox 819 2175 979 2252; x_wconf 86' lang='lat' dir='ltr'><strong>anhelitu,</strong></span> <span class='ocrx_word' id='word_1_168' title='bbox 1016 2189 1047 2239; x_wconf 91' lang='lat' dir='ltr'><strong>et</strong></span> <span class='ocrx_word' id='word_1_169' title='bbox 1066 2179 1220 2262; x_wconf 77' lang='lat' dir='ltr'><strong>Magister</strong></span> 
     </span>
     <span class='ocr_line' id='line_1_20' title="bbox 78 2274 1213 2358; baseline -0.004 -14"><span class='ocrx_word' id='word_1_170' title='bbox 78 2279 324 2344; x_wconf 78' lang='lat' dir='ltr'><strong>Warmsemmel</strong></span> <span class='ocrx_word' id='word_1_171' title='bbox 337 2275 498 2358; x_wconf 89' lang='lat' dir='ltr'><strong>respoudit</strong></span> <span class='ocrx_word' id='word_1_172' title='bbox 513 2278 543 2336; x_wconf 88' lang='lat' dir='ltr'><strong>ei</strong></span> <span class='ocrx_word' id='word_1_173' title='bbox 563 2276 689 2340; x_wconf 86' lang='lat' dir='ltr'><strong>fortiter</strong></span> <span class='ocrx_word' id='word_1_174' title='bbox 708 2295 766 2354; x_wconf 86' lang='lat' dir='ltr'><strong>pro</strong></span> <span class='ocrx_word' id='word_1_175' title='bbox 788 2274 911 2335; x_wconf 82' lang='lat' dir='ltr'><strong>bonore</strong></span> <span class='ocrx_word' id='word_1_176' title='bbox 925 2275 1114 2340; x_wconf 84' lang='lat' dir='ltr'><strong>Slesitarum.</strong></span> <span class='ocrx_word' id='word_1_177' title='bbox 1173 2281 1213 2340; x_wconf 91' lang='lat' dir='ltr'><strong>Et</strong></span> 
     </span>
     <span class='ocr_line' id='line_1_21' title="bbox 77 2372 1213 2469; baseline -0.002 -31"><span class='ocrx_word' id='word_1_178' title='bbox 77 2377 222 2469; x_wconf 75' lang='lat' dir='ltr'><strong>magistri</strong></span> <span class='ocrx_word' id='word_1_179' title='bbox 243 2397 351 2436; x_wconf 87' lang='lat' dir='ltr'><strong>omncs</strong></span> <span class='ocrx_word' id='word_1_180' title='bbox 371 2377 501 2440; x_wconf 84' lang='lat' dir='ltr'><strong>fuerunt</strong></span> <span class='ocrx_word' id='word_1_181' title='bbox 523 2374 611 2438; x_wconf 85' lang='lat' dir='ltr'><strong>laeti:</strong></span> <span class='ocrx_word' id='word_1_182' title='bbox 654 2385 685 2434; x_wconf 86' lang='lat' dir='ltr'><strong>et</strong></span> <span class='ocrx_word' id='word_1_183' title='bbox 705 2382 810 2452; x_wconf 70' lang='lat' dir='ltr'><strong>postea</strong></span> <span class='ocrx_word' id='word_1_184' title='bbox 830 2372 892 2432; x_wconf 83' lang='lat' dir='ltr'><strong>fuit</strong></span> <span class='ocrx_word' id='word_1_185' title='bbox 912 2373 1067 2452; x_wconf 71' lang='lat' dir='ltr'><strong>pulsatum</strong></span> <span class='ocrx_word' id='word_1_186' title='bbox 1088 2375 1126 2436; x_wconf 88' lang='lat' dir='ltr'><strong>ad</strong></span> <span class='ocrx_word' id='word_1_187' title='bbox 1145 2397 1213 2440; x_wconf 75' lang='lat' dir='ltr'><strong>ves·-</strong></span> 
     </span>
    </p>

    <p class='ocr_par' dir='ltr' id='par_1_6' title="bbox 76 2453 1223 2851">
     <span class='ocr_line' id='line_1_22' title="bbox 77 2453 1222 2560; baseline -0.003 -22"><span class='ocrx_word' id='word_1_188' title='bbox 77 2500 180 2560; x_wconf 88' lang='lat' dir='ltr'><strong>peras.</strong></span> <span class='ocrx_word' id='word_1_189' title='bbox 248 2479 445 2556; x_wconf 78' lang='lat' dir='ltr'><strong>Quapropter</strong></span> <span class='ocrx_word' id='word_1_190' title='bbox 475 2493 554 2552; x_wconf 86' lang='lat' dir='ltr'><strong>rogo·</strong></span> <span class='ocrx_word' id='word_1_191' title='bbox 580 2473 794 2534; x_wconf 76' lang='lat' dir='ltr'><strong>excellentiam</strong></span> <span class='ocrx_word' id='word_1_192' title='bbox 821 2478 970 2545; x_wconf 84' lang='lat' dir='ltr'><strong>vestram,</strong></span> <span class='ocrx_word' id='word_1_193' title='bbox 1000 2474 1093 2550; x_wconf 90' lang='lat' dir='ltr'><strong>quod</strong></span> <span class='ocrx_word' id='word_1_194' title='bbox 1111 2453 1222 2535; x_wconf 78' lang='lat' dir='ltr'><strong>velitis</strong></span> 
     </span>
     <span class='ocr_line' id='line_1_23' title="bbox 76 2569 1213 2656; baseline -0.005 -18"><span class='ocrx_word' id='word_1_195' title='bbox 76 2577 164 2638; x_wconf 89' lang='lat' dir='ltr'><strong>mihi</strong></span> <span class='ocrx_word' id='word_1_196' title='bbox 186 2595 345 2656; x_wconf 83' lang='lat' dir='ltr'><strong>exponere</strong></span> <span class='ocrx_word' id='word_1_197' title='bbox 369 2584 502 2636; x_wconf 83' lang='lat' dir='ltr'><strong>urentem</strong></span> <span class='ocrx_word' id='word_1_198' title='bbox 529 2581 677 2644; x_wconf 87' lang='lat' dir='ltr'><strong>vestram,</strong></span> <span class='ocrx_word' id='word_1_199' title='bbox 713 2571 786 2648; x_wconf 88' lang='lat' dir='ltr'><strong>quia</strong></span> <span class='ocrx_word' id='word_1_200' title='bbox 804 2588 862 2654; x_wconf 73' lang='lat' dir='ltr'><strong>voe</strong></span> <span class='ocrx_word' id='word_1_201' title='bbox 888 2569 959 2630; x_wconf 85' lang='lat' dir='ltr'><strong>estia</strong></span> <span class='ocrx_word' id='word_1_202' title='bbox 985 2573 1118 2632; x_wconf 86' lang='lat' dir='ltr'><strong>multum</strong></span> <span class='ocrx_word' id='word_1_203' title='bbox 1138 2593 1213 2654; x_wconf 78' lang='lat' dir='ltr'><strong>pro-</strong></span> 
     </span>
     <span class='ocr_line' id='line_1_24' title="bbox 77 2653 1223 2760; baseline -0.006 -22"><span class='ocrx_word' id='word_1_204' title='bbox 77 2675 231 2742; x_wconf 67' lang='lat' dir='ltr'><strong>fundus,</strong></span> <span class='ocrx_word' id='word_1_205' title='bbox 267 2684 297 2734; x_wconf 89' lang='lat' dir='ltr'><strong>et</strong></span> <span class='ocrx_word' id='word_1_206' title='bbox 317 2693 372 2754; x_wconf 87' lang='lat' dir='ltr'><strong>ego</strong></span> <span class='ocrx_word' id='word_1_207' title='bbox 393 2672 461 2734; x_wconf 77' lang='lat' dir='ltr'><strong>dixi</strong></span> <span class='ocrx_word' id='word_1_208' title='bbox 481 2680 655 2752; x_wconf 88' lang='lat' dir='ltr'><strong>protunc·</strong></span> <span class='ocrx_word' id='word_1_209' title='bbox 695 2667 844 2748; x_wconf 86' lang='lat' dir='ltr'><strong>Magister</strong></span> <span class='ocrx_word' id='word_1_210' title='bbox 866 2667 1017 2730; x_wconf 89' lang='lat' dir='ltr'><strong>Ortuinua</strong></span> <span class='ocrx_word' id='word_1_211' title='bbox 1031 2671 1120 2734; x_wconf 90' lang='lat' dir='ltr'><strong>debet</strong></span> <span class='ocrx_word' id='word_1_212' title='bbox 1133 2653 1223 2760; x_wconf 53' lang='lat' dir='ltr'><strong>mihis</strong></span> 
     </span>
     <span class='ocr_line' id='line_1_25' title="bbox 78 2768 1214 2851; baseline -0.005 -14"><span class='ocrx_word' id='word_1_213' title='bbox 78 2777 160 2837; x_wconf 87' lang='lat' dir='ltr'><strong>bene</strong></span> <span class='ocrx_word' id='word_1_214' title='bbox 182 2772 318 2834; x_wconf 88' lang='lat' dir='ltr'><strong>aeribere</strong></span> <span class='ocrx_word' id='word_1_215' title='bbox 338 2773 521 2840; x_wconf 82' lang='lat' dir='ltr'><strong>veritatem,</strong></span> <span class='ocrx_word' id='word_1_216' title='bbox 545 2770 618 2851; x_wconf 89' lang='lat' dir='ltr'><strong>quia</strong></span> <span class='ocrx_word' id='word_1_217' title='bbox 639 2768 701 2828; x_wconf 88' lang='lat' dir='ltr'><strong>fuit</strong></span> <span class='ocrx_word' id='word_1_218' title='bbox 722 2769 906 2848; x_wconf 85' lang='lat' dir='ltr'><strong>Praeceptor</strong></span> <span class='ocrx_word' id='word_1_219' title='bbox 925 2788 1011 2828; x_wconf 89' lang='lat' dir='ltr'><strong>meus</strong></span> <span class='ocrx_word' id='word_1_220' title='bbox 1031 2768 1065 2829; x_wconf 91' lang='lat' dir='ltr'><strong>in</strong></span> <span class='ocrx_word' id='word_1_221' title='bbox 1087 2771 1214 2832; x_wconf 80' lang='lat' dir='ltr'><strong>Daren</strong></span> 
     </span>
    </p>

    <p class='ocr_par' dir='ltr' id='par_1_7' title="bbox 81 2865 1220 3944">
     <span class='ocr_line' id='line_1_26' title="bbox 81 2865 1211 2952; baseline -0.004 -19"><span class='ocrx_word' id='word_1_222' title='bbox 81 2873 159 2947; x_wconf 79' lang='lat' dir='ltr'><strong>tria,</strong></span> <span class='ocrx_word' id='word_1_223' title='bbox 182 2872 306 2952; x_wconf 88' lang='lat' dir='ltr'><strong>qnando</strong></span> <span class='ocrx_word' id='word_1_224' title='bbox 327 2871 375 2934; x_wconf 85' lang='lat' dir='ltr'><strong>fni</strong></span> <span class='ocrx_word' id='word_1_225' title='bbox 397 2871 561 2934; x_wconf 88' lang='lat' dir='ltr'><strong>tertiarius.</strong></span> <span class='ocrx_word' id='word_1_226' title='bbox 602 2868 704 2932; x_wconf 88' lang='lat' dir='ltr'><strong>Etiam</strong></span> <span class='ocrx_word' id='word_1_227' title='bbox 725 2867 840 2930; x_wconf 87' lang='lat' dir='ltr'><strong>debetis</strong></span> <span class='ocrx_word' id='word_1_228' title='bbox 864 2887 913 2926; x_wconf 87' lang='lat' dir='ltr'><strong>me</strong></span> <span class='ocrx_word' id='word_1_229' title='bbox 932 2865 1118 2944; x_wconf 81' lang='lat' dir='ltr'><strong>certificare,</strong></span> <span class='ocrx_word' id='word_1_230' title='bbox 1135 2875 1211 2950; x_wconf 83' lang='lat' dir='ltr'><strong>quo·</strong></span> 
     </span>
     <span class='ocr_line' id='line_1_27' title="bbox 82 2966 1212 3054; baseline -0.003 -22"><span class='ocrx_word' id='word_1_231' title='bbox 82 2973 175 3032; x_wconf 88' lang='lat' dir='ltr'><strong>modo</strong></span> <span class='ocrx_word' id='word_1_232' title='bbox 195 2984 253 3034; x_wconf 87' lang='lat' dir='ltr'><strong>stat</strong></span> <span class='ocrx_word' id='word_1_233' title='bbox 273 2971 308 3033; x_wconf 89' lang='lat' dir='ltr'><strong>in</strong></span> <span class='ocrx_word' id='word_1_234' title='bbox 330 2991 441 3051; x_wconf 84' lang='lat' dir='ltr'><strong>guerra</strong></span> <span class='ocrx_word' id='word_1_235' title='bbox 461 2972 543 3030; x_wconf 83' lang='lat' dir='ltr'><strong>inter</strong></span> <span class='ocrx_word' id='word_1_236' title='bbox 563 2987 617 3028; x_wconf 83' lang='lat' dir='ltr'><strong>vos</strong></span> <span class='ocrx_word' id='word_1_237' title='bbox 639 2979 669 3029; x_wconf 88' lang='lat' dir='ltr'><strong>ct</strong></span> <span class='ocrx_word' id='word_1_238' title='bbox 689 2968 855 3030; x_wconf 82' lang='lat' dir='ltr'><strong>Doctorum</strong></span> <span class='ocrx_word' id='word_1_239' title='bbox 876 2967 1024 3028; x_wconf 85' lang='lat' dir='ltr'><strong>loannem</strong></span> <span class='ocrx_word' id='word_1_240' title='bbox 1046 2966 1212 3054; x_wconf 76' lang='lat' dir='ltr'><strong>Reuchlin,</strong></span> 
     </span>
     <span class='ocr_line' id='line_1_28' title="bbox 83 3063 1215 3152; baseline -0.004 -20"><span class='ocrx_word' id='word_1_241' title='bbox 83 3072 157 3152; x_wconf 81' lang='lat' dir='ltr'><strong>quia</strong></span> <span class='ocrx_word' id='word_1_242' title='bbox 177 3069 337 3142; x_wconf 82' lang='lat' dir='ltr'><strong>intellexi,</strong></span> <span class='ocrx_word' id='word_1_243' title='bbox 380 3068 463 3149; x_wconf 90' lang='lat' dir='ltr'><strong>quod</strong></span> <span class='ocrx_word' id='word_1_244' title='bbox 490 3069 547 3131; x_wconf 82' lang='lat' dir='ltr'><strong>ieta</strong></span> <span class='ocrx_word' id='word_1_245' title='bbox 567 3065 717 3126; x_wconf 87' lang='lat' dir='ltr'><strong>Ribaldus</strong></span> <span class='ocrx_word' id='word_1_246' title='bbox 738 3063 899 3145; x_wconf 39' lang='lat' dir='ltr'><strong>(quamvis.</strong></span> <span class='ocrx_word' id='word_1_247' title='bbox 911 3063 950 3124; x_wconf 83' lang='lat' dir='ltr'><strong>ait</strong></span> <span class='ocrx_word' id='word_1_248' title='bbox 971 3067 1088 3126; x_wconf 82' lang='lat' dir='ltr'><strong>Ductor</strong></span> <span class='ocrx_word' id='word_1_249' title='bbox 1108 3080 1138 3127; x_wconf 89' lang='lat' dir='ltr'><strong>ct</strong></span> <span class='ocrx_word' id='word_1_250' title='bbox 1158 3071 1215 3130; x_wconf 56' lang='lat' dir='ltr'><strong>Iu*</strong></span> 
     </span>
     <span class='ocr_line' id='line_1_29' title="bbox 83 3164 1213 3248; baseline -0.003 -19"><span class='ocrx_word' id='word_1_251' title='bbox 83 3169 171 3248; x_wconf 81' lang='lat' dir='ltr'><strong>rista)</strong></span> <span class='ocrx_word' id='word_1_252' title='bbox 199 3169 341 3228; x_wconf 85' lang='lat' dir='ltr'><strong>nondum</strong></span> <span class='ocrx_word' id='word_1_253' title='bbox 362 3169 430 3228; x_wconf 86' lang='lat' dir='ltr'><strong>vult</strong></span> <span class='ocrx_word' id='word_1_254' title='bbox 451 3185 596 3228; x_wconf 84' lang='lat' dir='ltr'><strong>revocure</strong></span> <span class='ocrx_word' id='word_1_255' title='bbox 616 3166 711 3224; x_wconf 87' lang='lat' dir='ltr'><strong>verba</strong></span> <span class='ocrx_word' id='word_1_256' title='bbox 732 3185 795 3226; x_wconf 91' lang='lat' dir='ltr'><strong>sua.</strong></span> <span class='ocrx_word' id='word_1_257' title='bbox 846 3165 886 3224; x_wconf 82' lang='lat' dir='ltr'><strong>lit</strong></span> <span class='ocrx_word' id='word_1_258' title='bbox 905 3164 1030 3226; x_wconf 88' lang='lat' dir='ltr'><strong>mittatis</strong></span> <span class='ocrx_word' id='word_1_259' title='bbox 1051 3166 1142 3227; x_wconf 84' lang='lat' dir='ltr'><strong>etiam</strong></span> <span class='ocrx_word' id='word_1_260' title='bbox 1158 3167 1213 3228; x_wconf 84' lang='lat' dir='ltr'><strong>ad·</strong></span> 
     </span>
     <span class='ocr_line' id='line_1_30' title="bbox 82 3254 1220 3344; baseline -0.007 -14"><span class='ocrx_word' id='word_1_261' title='bbox 82 3269 146 3330; x_wconf 88' lang='lat' dir='ltr'><strong>huc</strong></span> <span class='ocrx_word' id='word_1_262' title='bbox 166 3269 263 3332; x_wconf 84' lang='lat' dir='ltr'><strong>semel</strong></span> <span class='ocrx_word' id='word_1_263' title='bbox 291 3267 371 3326; x_wconf 88' lang='lat' dir='ltr'><strong>mibi</strong></span> <span class='ocrx_word' id='word_1_264' title='bbox 398 3266 513 3329; x_wconf 88' lang='lat' dir='ltr'><strong>librum</strong></span> <span class='ocrx_word' id='word_1_265' title='bbox 541 3263 682 3344; x_wconf 83' lang='lat' dir='ltr'><strong>Magistri</strong></span> <span class='ocrx_word' id='word_1_266' title='bbox 709 3264 805 3326; x_wconf 87' lang='lat' dir='ltr'><strong>nostri</strong></span> <span class='ocrx_word' id='word_1_267' title='bbox 828 3263 960 3324; x_wconf 84' lang='lat' dir='ltr'><strong>Aruoldi</strong></span> <span class='ocrx_word' id='word_1_268' title='bbox 992 3263 1031 3322; x_wconf 87' lang='lat' dir='ltr'><strong>de</strong></span> <span class='ocrx_word' id='word_1_269' title='bbox 1050 3254 1220 3344; x_wconf 77' lang='lat' dir='ltr'><strong>Tangeris,</strong></span> 
     </span>
     <span class='ocr_line' id='line_1_31' title="bbox 83 3349 1213 3446; baseline -0.013 -15"><span class='ocrx_word' id='word_1_270' title='bbox 83 3387 176 3446; x_wconf 79' lang='lat' dir='ltr'><strong>quem</strong></span> <span class='ocrx_word' id='word_1_271' title='bbox 198 3366 384 3430; x_wconf 77' lang='lat' dir='ltr'><strong>articulatim</strong></span> <span class='ocrx_word' id='word_1_272' title='bbox 408 3355 595 3445; x_wconf 79' lang='lat' dir='ltr'><strong>composuit,</strong></span> <span class='ocrx_word' id='word_1_273' title='bbox 616 3362 688 3442; x_wconf 76' lang='lat' dir='ltr'><strong>quia</strong></span> <span class='ocrx_word' id='word_1_274' title='bbox 710 3349 755 3424; x_wconf 76' lang='lat' dir='ltr'><strong>est</strong></span> <span class='ocrx_word' id='word_1_275' title='bbox 775 3363 908 3422; x_wconf 89' lang='lat' dir='ltr'><strong>multum</strong></span> <span class='ocrx_word' id='word_1_276' title='bbox 927 3361 1056 3432; x_wconf 82' lang='lat' dir='ltr'><strong>subtilis,</strong></span> <span class='ocrx_word' id='word_1_277' title='bbox 1081 3374 1110 3420; x_wconf 86' lang='lat' dir='ltr'><strong>et</strong></span> <span class='ocrx_word' id='word_1_278' title='bbox 1130 3369 1213 3422; x_wconf 58' lang='lat' dir='ltr'><strong>trac-⁴</strong></span> 
     </span>
     <span class='ocr_line' id='line_1_32' title="bbox 83 3459 1213 3544; baseline -0.005 -16"><span class='ocrx_word' id='word_1_279' title='bbox 83 3478 126 3528; x_wconf 90' lang='lat' dir='ltr'><strong>tat</strong></span> <span class='ocrx_word' id='word_1_280' title='bbox 146 3467 186 3525; x_wconf 91' lang='lat' dir='ltr'><strong>de</strong></span> <span class='ocrx_word' id='word_1_281' title='bbox 207 3466 315 3528; x_wconf 86' lang='lat' dir='ltr'><strong>multis</strong></span> <span class='ocrx_word' id='word_1_282' title='bbox 341 3462 602 3544; x_wconf 80' lang='lat' dir='ltr'><strong>profunditatibus</strong></span> <span class='ocrx_word' id='word_1_283' title='bbox 632 3461 665 3521; x_wconf 88' lang='lat' dir='ltr'><strong>in</strong></span> <span class='ocrx_word' id='word_1_284' title='bbox 694 3459 874 3538; x_wconf 83' lang='lat' dir='ltr'><strong>Theologia.</strong></span> <span class='ocrx_word' id='word_1_285' title='bbox 936 3460 1064 3531; x_wconf 82' lang='lat' dir='ltr'><strong>Valere,</strong></span> <span class='ocrx_word' id='word_1_286' title='bbox 1092 3471 1122 3520; x_wconf 84' lang='lat' dir='ltr'><strong>ct</strong></span> <span class='ocrx_word' id='word_1_287' title='bbox 1148 3480 1213 3522; x_wconf 91' lang='lat' dir='ltr'><strong>nou</strong></span> 
     </span>
     <span class='ocr_line' id='line_1_33' title="bbox 82 3545 1213 3646; baseline -0.009 -22"><span class='ocrx_word' id='word_1_288' title='bbox 82 3564 221 3630; x_wconf 86' lang='lat' dir='ltr'><strong>babeatis</strong></span> <span class='ocrx_word' id='word_1_289' title='bbox 241 3585 301 3646; x_wconf 89' lang='lat' dir='ltr'><strong>pro</strong></span> <span class='ocrx_word' id='word_1_290' title='bbox 324 3565 423 3637; x_wconf 91' lang='lat' dir='ltr'><strong>malo,</strong></span> <span class='ocrx_word' id='word_1_291' title='bbox 457 3562 540 3642; x_wconf 85' lang='lat' dir='ltr'><strong>quod¹</strong></span> <span class='ocrx_word' id='word_1_292' title='bbox 560 3549 661 3622; x_wconf 91' lang='lat' dir='ltr'><strong>scribo</strong></span> <span class='ocrx_word' id='word_1_293' title='bbox 685 3560 773 3636; x_wconf 71' lang='lat' dir='ltr'><strong>vobin</strong></span> <span class='ocrx_word' id='word_1_294' title='bbox 792 3557 834 3620; x_wconf 86' lang='lat' dir='ltr'><strong>ita</strong></span> <span class='ocrx_word' id='word_1_295' title='bbox 860 3555 1031 3626; x_wconf 85' lang='lat' dir='ltr'><strong>socialiter,</strong></span> <span class='ocrx_word' id='word_1_296' title='bbox 1067 3545 1140 3635; x_wconf 86' lang='lat' dir='ltr'><strong>quia</strong></span> <span class='ocrx_word' id='word_1_297' title='bbox 1158 3577 1213 3618; x_wconf 77' lang='lat' dir='ltr'><strong>voe</strong></span> 
     </span>
     <span class='ocr_line' id='line_1_34' title="bbox 83 3653 1213 3743; baseline -0.005 -19"><span class='ocrx_word' id='word_1_298' title='bbox 83 3663 207 3728; x_wconf 74' lang='lat' dir='ltr'><strong>dixistis</strong></span> <span class='ocrx_word' id='word_1_299' title='bbox 226 3663 308 3728; x_wconf 84' lang='lat' dir='ltr'><strong>mibi</strong></span> <span class='ocrx_word' id='word_1_300' title='bbox 331 3664 426 3736; x_wconf 91' lang='lat' dir='ltr'><strong>olim,</strong></span> <span class='ocrx_word' id='word_1_301' title='bbox 456 3660 539 3743; x_wconf 87' lang='lat' dir='ltr'><strong>quod</strong></span> <span class='ocrx_word' id='word_1_302' title='bbox 561 3659 667 3720; x_wconf 88' lang='lat' dir='ltr'><strong>amatis</strong></span> <span class='ocrx_word' id='word_1_303' title='bbox 687 3677 737 3734; x_wconf 79' lang='lat' dir='ltr'><strong>ure</strong></span> <span class='ocrx_word' id='word_1_304' title='bbox 756 3656 835 3716; x_wconf 87' lang='lat' dir='ltr'><strong>sicut</strong></span> <span class='ocrx_word' id='word_1_305' title='bbox 857 3653 969 3726; x_wconf 84' lang='lat' dir='ltr'><strong>frater,</strong></span> <span class='ocrx_word' id='word_1_306' title='bbox 1005 3665 1036 3711; x_wconf 89' lang='lat' dir='ltr'><strong>et</strong></span> <span class='ocrx_word' id='word_1_307' title='bbox 1049 3655 1142 3714; x_wconf 87' lang='lat' dir='ltr'><strong>vultis</strong></span> <span class='ocrx_word' id='word_1_308' title='bbox 1163 3661 1213 3718; x_wconf 83' lang='lat' dir='ltr'><strong>mc</strong></span> 
     </span>
     <span class='ocr_line' id='line_1_35' title="bbox 82 3750 1213 3844; baseline -0.005 -21"><span class='ocrx_word' id='word_1_309' title='bbox 82 3781 272 3841; x_wconf 83' lang='lat' dir='ltr'><strong>promovere</strong></span> <span class='ocrx_word' id='word_1_310' title='bbox 294 3763 328 3822; x_wconf 88' lang='lat' dir='ltr'><strong>in</strong></span> <span class='ocrx_word' id='word_1_311' title='bbox 349 3761 515 3833; x_wconf 76' lang='lat' dir='ltr'><strong>omnibns,</strong></span> <span class='ocrx_word' id='word_1_312' title='bbox 546 3756 664 3820; x_wconf 86' lang='lat' dir='ltr'><strong>etiamsi</strong></span> <span class='ocrx_word' id='word_1_313' title='bbox 693 3754 825 3844; x_wconf 78' lang='lat' dir='ltr'><strong>debeatis</strong></span> <span class='ocrx_word' id='word_1_314' title='bbox 849 3752 929 3814; x_wconf 86' lang='lat' dir='ltr'><strong>mihi</strong></span> <span class='ocrx_word' id='word_1_315' title='bbox 958 3750 1127 3815; x_wconf 84' lang='lat' dir='ltr'><strong>concedere</strong></span> <span class='ocrx_word' id='word_1_316' title='bbox 1145 3774 1213 3816; x_wconf 85' lang='lat' dir='ltr'><strong>ma-</strong></span> 
     </span>
     <span class='ocr_line' id='line_1_36' title="bbox 83 3853 752 3944; baseline -0.009 -22"><span class='ocrx_word' id='word_1_317' title='bbox 83 3881 174 3940; x_wconf 81' lang='lat' dir='ltr'><strong>guam</strong></span> <span class='ocrx_word' id='word_1_318' title='bbox 189 3861 364 3944; x_wconf 78' lang='lat' dir='ltr'><strong>pecuniam.</strong></span> <span class='ocrx_word' id='word_1_319' title='bbox 406 3861 522 3924; x_wconf 82' lang='lat' dir='ltr'><strong>Datum</strong></span> <span class='ocrx_word' id='word_1_320' title='bbox 535 3859 570 3920; x_wconf 84' lang='lat' dir='ltr'><strong>iu</strong></span> <span class='ocrx_word' id='word_1_321' title='bbox 588 3853 752 3938; x_wconf 76' lang='lat' dir='ltr'><strong>Lyptziek.</strong></span> 
     </span>
    </p>
   </div>
   <div class='ocr_carea' id='block_1_6' title="bbox 124 4031 1239 4228">
    <p class='ocr_par' dir='ltr' id='par_1_8' title="bbox 124 4031 1239 4222">
     <span class='ocr_line' id='line_1_37' title="bbox 124 4031 1239 4128; baseline -0.017 -22"><span class='ocrx_word' id='word_1_322' title='bbox 124 4047 286 4128; x_wconf 68' lang='lat' dir='ltr'><strong>Magister</strong></span> <span class='ocrx_word' id='word_1_323' title='bbox 297 4045 433 4114; x_wconf 17' lang='lat' dir='ltr'><strong>*loannes</strong></span> <span class='ocrx_word' id='word_1_324' title='bbox 448 4039 610 4119; x_wconf 78' lang='lat' dir='ltr'><strong>Pellifex,</strong></span> <span class='ocrx_word' id='word_1_325' title='bbox 628 4037 658 4100; x_wconf 84' lang='lat' dir='ltr'><strong>S·</strong></span> <span class='ocrx_word' id='word_1_326' title='bbox 666 4038 708 4098; x_wconf 88' lang='lat' dir='ltr'><strong>D.</strong></span> <span class='ocrx_word' id='word_1_327' title='bbox 723 4035 883 4112; x_wconf 75' lang='lat' dir='ltr'><strong>Magistro</strong></span> <span class='ocrx_word' id='word_1_328' title='bbox 902 4031 1035 4094; x_wconf 82' lang='lat' dir='ltr'><strong>Ortuino</strong></span> <span class='ocrx_word' id='word_1_329' title='bbox 1048 4032 1168 4090; x_wconf 82' lang='lat' dir='ltr'><strong>Gratia.</strong></span> <span class='ocrx_word' id='word_1_330' title='bbox 1234 4040 1239 4066; x_wconf 81' lang='lat'><strong>¹</strong></span> 
     </span>
     <span class='ocr_line' id='line_1_38' title="bbox 167 4147 1212 4228; baseline -0.012 -10"><span class='ocrx_word' id='word_1_331' title='bbox 167 4160 306 4222; x_wconf 80' lang='lat' dir='ltr'><strong>Salutem</strong></span> <span class='ocrx_word' id='word_1_332' title='bbox 331 4157 523 4220; x_wconf 86' lang='lat' dir='ltr'><strong>amicabilem</strong></span> <span class='ocrx_word' id='word_1_333' title='bbox 555 4167 585 4216; x_wconf 86' lang='lat' dir='ltr'><strong>et</strong></span> <span class='ocrx_word' id='word_1_334' title='bbox 605 4153 785 4212; x_wconf 75' lang='lat' dir='ltr'><strong>servitutem</strong></span> <span class='ocrx_word' id='word_1_335' title='bbox 811 4147 1041 4222; x_wconf 88' lang='lat' dir='ltr'><strong>incredibilem,</strong></span> <span class='ocrx_word' id='word_1_336' title='bbox 1074 4147 1212 4228; x_wconf 80' lang='lat' dir='ltr'><strong>Venera-</strong></span> 
     </span>
    </p>
   </div>
   <div class='ocr_carea' id='block_1_7' title="bbox 85 4225 1215 4405">
    <p class='ocr_par' dir='ltr' id='par_1_9' title="bbox 85 4225 1215 4405">
     <span class='ocr_line' id='line_1_39' title="bbox 85 4225 1215 4405; baseline -0.014 -87"><span class='ocrx_word' id='word_1_337' title='bbox 85 4257 148 4318; x_wconf 92' lang='lat' dir='ltr'><strong>bile</strong></span> <span class='ocrx_word' id='word_1_338' title='bbox 161 4259 300 4325; x_wconf 88' lang='lat' dir='ltr'><strong>Domine</strong></span> <span class='ocrx_word' id='word_1_339' title='bbox 319 4257 485 4350; x_wconf 81' lang='lat' dir='ltr'><strong>Magister,</strong></span> <span class='ocrx_word' id='word_1_340' title='bbox 509 4254 651 4346; x_wconf 62' lang='lat' dir='ltr'><strong>‹suia-</strong></span> <span class='ocrx_word' id='word_1_341' title='bbox 609 4263 701 4314; x_wconf 79' lang='lat' dir='ltr'><strong>-ut</strong></span> <span class='ocrx_word' id='word_1_342' title='bbox 717 4249 791 4311; x_wconf 89' lang='lat' dir='ltr'><strong>dicit</strong></span> <span class='ocrx_word' id='word_1_343' title='bbox 804 4247 1012 4405; x_wconf 60' lang='lat' dir='ltr'><strong>Aristoteleg&#39;</strong></span> <span class='ocrx_word' id='word_1_344' title='bbox 1002 4269 1036 4308; x_wconf 84' lang='grc' dir='ltr'><strong>ιιι</strong></span> <span class='ocrx_word' id='word_1_345' title='bbox 1055 4225 1215 4328; x_wconf 85' lang='lat' dir='ltr'><strong>praedica·</strong></span> 
     </span>
     <span class='ocr_line' id='line_1_40' title="bbox 865 4345 1009 4390; baseline -0.014 2"><span class='ocrx_word' id='word_1_346' title='bbox 865 4345 867 4353; x_wconf 61' lang='lat'><strong>⁴</strong></span> <span class='ocrx_word' id='word_1_347' title='bbox 989 4345 1009 4390; x_wconf 73' lang='lat' dir='ltr'><strong>r</strong></span> 
     </span>
    </p>
   </div>
   <div class='ocr_carea' id='block_1_8' title="bbox 0 0 1443 4722">
    <p class='ocr_par' dir='ltr' id='par_1_10' title="bbox 0 0 1443 4722">
     <span class='ocr_line' id='line_1_41' title="bbox 0 0 1443 4722; baseline 0 0"><span class='ocrx_word' id='word_1_348' title='bbox 0 0 1443 4722; x_wconf 95' lang='lat' dir='ltr'><strong> </strong></span> 
     </span>
    </p>
   </div>
  </div>
 </body>
</html>
