2872 4722
394 339 996 429 poscumttttom
1161 347 1222 432 ιιι
1307 433 1312 450 ¹

101 516 183 558 musz,
213 516 288 556 nam
309 493 475 556 Reucblin'
484 513 605 575 semper
624 495 812 572 restimnlat,
839 497 923 578 qnod
943 497 1036 562 babet
1055 498 1221 564 diabolum.
1280 555 1283 582 ,
1385 485 1389 494 ’

101 596 133 654 si
150 616 223 676 ergo
241 595 286 654 its
305 605 370 668 cst,
400 603 475 654 tunc
493 602 565 674 peto
586 593 765 676 diligenter,
797 605 834 658 ut
852 617 917 658 uon
935 598 1045 676 faciat,
1072 599 1145 679 quia
1165 622 1221 664 ros

101 696 220 775 potestis
241 693 396 774 impedire
403 734 413 766 ,
444 705 589 772 tanquam
606 693 772 756 ‘Corrector
792 715 919 756 suorum
940 697 1101 760 librorum.
1164 703 1221 760 Se·

101 795 195 854 cundo
216 793 327 854 audivi
347 792 453 866 etiam,
474 791 557 872 quod
576 811 641 870 non
664 803 726 852 tam
745 792 945 857 vehementer
966 796 1068 866 dolui,
1090 818 1145 858 vos
1157 800 1222 860 let·-

101 895 178 954 dasee
198 893 361 966 ancillam,
381 894 466 970 (curn
486 890 645 950 honestate
666 889 765 970 dico),
788 894 936 970 Quentels
955 895 1164 976 impressoria,
1191 909 1237 962 et¹

101 993 204 1052 fecisse
225 992 285 1052 sibi
301 1011 400 1052 unum
421 1010 553 1071 pueram
564 1030 575 1064 ‚
605 999 697 1070 atque
716 1000 752 1055 ut
770 1011 880 1052 verum
901 993 957 1063 sit,
983 1003 1058 1056 tunc
1077 995 1144 1077 ipse
1166 998 1222 1057 de

100 1091 140 1156 dit
157 1091 219 1150 sibi
239 1091 382 1164 veniam,
403 1101 433 1148 et
454 1110 518 1150 non
537 1088 610 1168 pult
629 1087 696 1168 pati
714 1089 847 1169 amplius
868 1090 901 1152 in
925 1092 1027 1174 domo,
1048 1096 1156 1175 etjam
1176 1107 1222 1158 est
1271 1135 1280 1154 t

99 1190 129 1250 in
147 1189 278 1270 propria
297 1190 407 1261 domo,
444 1197 474 1248 et
501 1188 576 1248 facit
601 1188 741 1266 antiquas
767 1189 886 1248 tunicas
908 1211 1011 1252 novas.
1069 1196 1145 1256 Peto
1166 1217 1221 1260 vos

98 1299 223 1370 propter
243 1289 410 1348 maximam
433 1286 630 1360 charitatem,
651 1307 742 1367 qnam
761 1285 925 1350 habuimus
944 1311 1065 1372 semper
1086 1295 1221 1356 alterna·

97 1389 165 1461 tim,
184 1401 223 1448 ut
242 1387 345 1448 velitis
363 1385 445 1446 'mihi
463 1379 524 1446 boc
543 1385 694 1459 scribere,
733 1405 774 1446 an
794 1388 850 1461 sit,
866 1375 922 1450 'vel
942 1409 1026 1463 non,
1063 1393 1136 1471 qnia
1164 1415 1220 1476 ego

95 1488 229 1546 libenter
249 1487 360 1546 vellem
385 1505 452 1544 cam
472 1485 529 1544 diu
549 1484 760 1566 supposuisse,
779 1485 834 1544 sed
856 1494 959 1548 tamen
979 1509 1043 1550 non
1061 1491 1149 1552 volui
1171 1493 1222 1554 fa·

96 1606 174 1660 cere,
198 1587 273 1666 quia
291 1586 450 1658 timebam,
472 1584 556 1664 quod
576 1596 653 1644 esset
673 1581 889 1664 adhucpir‘go.
931 1586 965 1646 si
985 1597 1087 1648 autem
1109 1590 1152 1652 ita
1172 1592 1221 1669 sit,

95 1686 181 1765 quod
201 1707 258 1746 vos
278 1685 408 1758 fecistis,
438 1694 514 1744 tunc
535 1681 562 1742 si
581 1681 706 1762 potestis
725 1683 807 1762 pati,
834 1685 978 1746 volumus
998 1687 1037 1746 ad
1057 1709 1150 1755 unam
1171 1693 1221 1752 di-

8 1839 9 1842 ,
96 1805 168 1862 cam
190 1784 327 1858 tardare,
347 1805 401 1866 ego
417 1782 515 1868 ¹hodie
536 1790 566 1842 et
579 1801 641 1862 ,vos
657 1799 737 1852 cras,
759 1780 832 1860 quia
853 1782 994 1864 digniora
1013 1796 1086 1850 sunt
1104 1791 1219 1869 priora,
1264 1819 1268 1836 ι

96 1905 156 1964 ego
177 1885 296 1944 Doctor
315 1893 345 1945 et
365 1903 421 1944 voe
443 1881 608 1960 Magister3
642 1879 711 1939 dico
734 1889 836 1940 tamen
856 1880 915 1942 hcc
933 1885 1001 1946 sine
1018 1891 1221 1968 contemptio-

95 2003 154 2057 ne,
176 1981 280 2062 sicque
299 1985 442 2044 volumus
463 1981 524 2041 boc
545 1979 578 2039 in
597 1987 714 2038 secreto
733 1999 871 2054 servare,
900 1991 991 2062 atque
1013 2007 1080 2046 eam
1100 1991 1221 2050 nnbiro

8 2123 13 2145 ,-
95 2103 166 2142 cum
185 2103 284 2163 puero
304 2081 447 2163 expensis
466 2072 600 2152 mutuis,
641 2087 671 2137 et
700 2079 779 2150 scio,
815 2080 898 2158 quod
924 2081 991 2162 ipsa
1011 2084 1142 2146 libenter
1163 2089 1222 2150 erit

8 2239 11 2245 ,
96 2191 257 2254 contento,
290 2193 382 2262 atque
404 2181 495 2239 etiam
516 2177 595 2250 scio,
631 2177 659 2235 si
680 2175 736 2235 diu
756 2177 921 2238 lardassem
942 2200 1029 2252 cam,
1058 2203 1122 2244 non
1144 2195 1223 2246 esset

8 2337 14 2345 .
94 2281 174 2341 mibi
184 2281 349 2342 infirmitas
368 2281 422 2340 illa
429 2323 437 2353 ,
458 2298 547 2360 spero
568 2285 681 2349 tamen,
702 2275 786 2353 quod
803 2278 886 2350 volo,
906 2296 996 2338 renes
1016 2301 1166 2360 purgare,
1187 2292 1223 2344 ut

10 2422 16 2446 :
93 2382 165 2452 fiant
189 2402 293 2442 sanus.
345 2383 385 2442 Et
406 2401 475 2440 cum
496 2377 556 2438 hoc
577 2375 694 2450 valetc3
729 2372 756 2432 si
777 2393 840 2434 non
860 2375 986 2436 fuissem
1006 2379 1116 2438 debilis
1135 2391 1222 2440 tran·

8 2515 17 2548 ;,-
93 2482 235 2556 sitionis,
264 2491 340 2544 tnnc
359 2490 420 2540 met
438 2477 563 2540 ivissem
584 2472 624 2532 ad
643 2491 716 2546 vos,
756 2481 787 2531 et
807 2492 872 2532 non
893 2475 1128 2556 rescripsissem:
1168 2479 1223 2538 sed

8 2615 17 2649 τ,
91 2591 203 2646 tamen
223 2601 281 2640 vos
299 2581 409 2642 debetis
430 2578 510 2640 mihi
529 2572 705 2638 rescribere.
766 2571 881 2633 Datum
901 2576 1034 2656 raptim,
1068 2595 1108 2636 ex
1131 2578 1223 2638 bursa

8 2711 19 2750 ς,
92 2691 204 2742 nostra
218 2680 346 2740 Montis.

95 2849 230 2906 Ioannes
242 2845 422 2921 Currs'ficis‚
435 2840 659 2906 Antiochensis
664 2880 675 2910 ,
691 2839 824 2898 Ortuino
842 2838 969 2915 Grotio,
984 2841 1221 2912 Deventriensi,

498 2943 621 3002 Salutis
633 2941 825 3000 Plurimum.

180 3081 338 3160 Quoniam
368 3081 492 3162 quidem
519 3077 598 3140 mibi
618 3097 719 3157 nuper
751 3072 928 3154 dempsistis,
963 3075 1118 3156 quomodo
1144 3075 1222 3136 mihi

8 3211 23 3252 3:
97 3181 311 3242 succederet
301 3202 336 3242 ιιι
362 3181 581 3258 Heidelberga,
616 3187 646 3236 et
669 3175 752 3255 quod
776 3176 867 3234 ctiam
895 3175 983 3235 vobis
1010 3175 1221 3247 rescriberem,

13 3314 24 3347 ι
97 3280 253 3372 quomodo
273 3282 445 3362 placerent.
449 3280 528 3340 mibi
541 3281 691 3338 Doctores
706 3283 737 3333 ct
757 3273 913 3354 Magistri:
939 3272 1040 3336 sciatis
1063 3291 1135 3352 ergo
1154 3272 1222 3353 pri-

8 3401 25 3451 ';:
98 3401 164 3455 mc,
190 3381 275 3462 quod
296 3402 397 3460 qnam
408 3381 543 3460 primum
563 3375 638 3439 veni
657 3374 696 3433 ad
716 3373 970 3452 Heidelbergam,
1001 3371 1111 3430 fiebam
1132 3390 1222 3430 cocus

9 3500 26 3554 23-
98 3481 132 3540 in
151 3481 263 3548 bursa,
284 3481 339 3541 nbi
360 3480 458 3540 babeo
479 3497 614 3538 mensam
636 3472 748 3554 gratis,
774 3483 804 3530 et
827 3473 918 3532 etiam
940 3470 1057 3550 aliquas
1077 3469 1222 3548 pecunias

13 3601 28 3653 ξς·
98 3601 156 3660 pro
178 3580 339 3660 marcetis,
364 3590 393 3638 et
413 3599 536 3658 possum
556 3573 706 3657 proficere
725 3584 756 3630 et
778 3572 933 3651 complere
953 3568 992 3628 ad
1006 3568 1133 3648 gradum
1152 3569 1223 3628 Ma-

8 3720 28 3755 ·5„
99 3682 226 3760 gisterii.
273 3680 326 3740 Sic
345 3680 436 3740 etiam
456 3678 532 3740 fecit
551 3657 669 3758 pauper
691 3668 867 3743 Henricus,
898 3669 952 3749 qni
971 3689 1035 3730 non
1055 3667 1162 3728 babuit
1181 3667 1223 3726 li-

8 3814 30 3880 p
100 3781 189 3855 bros,
222 3801 325 3862 neque
342 3800 512 3862 papyrum,
545 3776 599 3836 sed
627 3772 729 3832 omnia
750 3769 872 3851 scripsit
892 3768 930 3828 ad
947 3765 1105 3848 pellicium
1124 3785 1223 3824 suum.

8 3918 31 3961 It?

99 3882 144 3940 Ita
166 3885 260 3944 etiam
280 3881 414 3942 nutrivit
430 3901 462 3940 se
482 3878 624 3948 Plautus,
657 3872 711 3952 qui
732 3869 867 3953 portavit
884 3887 984 3931 saccos
990 3863 1051 3926 ad
1071 3863 1224 3924 molendi-

8 4015 32 4082 ,pr
99 4001 171 4042 nam
190 3982 272 4044 sicut
289 3984 412 4056 asinus,
440 3989 471 4039 et
492 3961 595 4038 tamen
614 3982 720 4054 postea
741 3972 838 4032 evasit
856 3967 891 4028 in
911 3965 1116 4028 doctissimum
1135 3974 1225 4026 auto·

8 4095 35 4163 „3
99 4103 185 4157 rem,
206 4083 280 4162 quia
298 4091 405 4164 postea
424 4077 546 4158 scripsit
569 4082 666 4134 metra
686 4081 717 4131 ct
737 4089 849 4151 prosas.
910 4049 1073 4128 Prietcrea
1091 4075 1128 4126 ut
1145 4064 1225 4124 scis-

8 4212 34 4264 ur
99 4184 155 4255 ιιι,
182 4183 239 4262 qni
259 4192 331 4244 sunt
351 4181 403 4240 hic
423 4179 486 4242 viri
507 4175 608 4244 docti,
643 4172 715 4233 volo
736 4153 823 4230 vobis
828 4167 929 4249 prius
948 4166 1080 4227 recitare
1100 4164 1138 4227 te
1158 4163 1226 4244 dig-

8 4306 36 4365 ,p
98 4283 258 4357 nioribus,
279 4293 317 4343 et
335 4280 448 4342 deinde
473 4274 642 4339 successive
664 4269 702 4330 de
722 4268 809 4343 aliis,
843 4267 915 4346 quia
934 4277 971 4329 ut
989 4265 1065 4326 dicit
1082 4263 1226 4325 Philoso-
