2896 4716
411 334 678 402 ousoua
718 301 940 398 vraoa'.
1173 327 1236 396 atr

104 501 165 577 xit,
187 495 275 580 quod
294 497 454 570 vulteum
477 492 646 559 defendere
672 499 779 550 contra
805 507 911 548 omnes
928 487 1065 548 Fratrem
1107 495 1138 546 et
1162 487 1237 548 talia

22 657 26 664 .
105 603 256 663 dixerunt
274 593 540 658 Reverendissimi
560 590 739 653 cardinales
759 590 793 650 S.
808 587 919 660 Marci,
939 594 971 645 et
991 588 1020 644 S.
1041 585 1185 665 Georgii,
1206 597 1238 648 et

107 695 356 777 &Chrisogonij
390 706 421 754 et
446 693 501 753 alii
521 693 638 772 plures.
698 687 902 768 Respondeo,
929 685 1019 763 «quod
1038 684 1238 747 Piefferkoru

107 798 180 862 fecit
201 797 264 856 lsoc
285 814 391 855 amore
407 792 560 863 veritatis,
582 809 661 869 quae
682 799 728 847 est
748 786 854 865 major,
875 803 968 864 quam
978 785 1070 862 Papa
1081 793 1112 844 et
1132 785 1238 866 Impe-

108 909 209 970 rator,
232 905 265 955 et
286 914 393 954 omnes
417 889 607 963 cardinales,
629 899 659 948 et
680 885 836 966 Episcopi,
858 895 889 944 et
900 883 1069 963 Principes.
1109 885 1151 944 Iit
1164 903 1239 966 ergo

108 995 141 1054 in
159 993 384 1076 protestatione
405 1009 461 1050 sua
480 987 588 1062 finali,
608 986 647 1048 Ο.
667 987 709 1046 ir.
725 986 770 1045 sic
790 994 915 1045 excusat
934 1004 983 1044 se:
1002 982 1158 1063 Meipenm
1179 983 1239 1044 du-

109 1114 141 1154 ce
161 1094 296 1155 raritate
316 1100 346 1150 et
367 1090 435 1152 sine
455 1085 586 1166 alicujus
607 1083 789 1146 defensione
806 1104 861 1144 sua
881 1083 1017 1144 defendi.
1066 1082 1146 1142 Nam
1160 1083 1240 1144 Hie·

109 1193 225 1254 remiae
245 1188 408 1253 vaticinio:
430 1185 622 1258 Maledictus,
645 1182 854 1264 quiprohibet
874 1182 1011 1264 gladium
1027 1202 1118 1244 suam
1136 1203 1242 1244 asan-

109 1293 221 1372 guine,
265 1299 296 1349 et
315 1287 428 1348 melius
455 1295 500 1346 eet
520 1283 659 1344 incidere
678 1282 713 1342 iu
736 1303 843 1342 manas
868 1283 1049 1354 hominum,
1092 1302 1184 1363 quam
1204 1285 1240 1344 in

110 1410 219 1451 munus
241 1387 462 1468 omnipotentis
484 1385 574 1446 Dei·
597 1384 638 1443 Et
660 1402 733 1463 ergo
754 1389 857 1464 patet,
879 1383 961 1463 quod
983 1383 1095 1444 melius
1116 1395 1170 1459 est,
1191 1385 1242 1444 of·

109 1489 243 1551 ferdere
262 1489 378 1569 Papam
399 1497 430 1546 et
449 1486 681 1566 Imperatorem,
698 1503 796 1568 ,quam
815 1482 988 1560 veritatem,
1007 1481 1042 1544 id
1062 1492 1108 1546 eat
1121 1486 1242 1548 Deum:

109 1589 286 1672 quiaDeus
306 1595 352 1648 est
372 1585 495 1650 veritas.

489 1751 647 1830 Septimus
692 1750 870 1813 Articulum

194 1889 288 1952 Dixit
305 1886 530 1954 Reuchliuista:
570 1887 770 1950 Pfefferkorn
789 1887 824 1948 in
846 1869 1073 1965 eddem'libro,
1105 1907 1170 1949 uno
1189 1909 1244 1949 eo-

114 1989 250 2071 demque
278 1991 348 2053 loco'
359 2037 371 2068 ,
412 1987 576 2050 committit
601 1988 744 2049 haeresin
781 1999 813 2046 et
838 1989 955 2049 crimen
976 1987 1075 2049 laesae
1098 1989 1245 2070 Majeeta-

113 2091 169 2158 tis,
190 2065 284 2171 ,quia
311 2090 388 2150 dicit
417 2089 457 2148 Ο.
484 2089 518 2148 ii.
546 2085 659 2148 colum.
686 2107 718 2148 2.
776 2087 850 2148 Non
876 2100 1033 2169 pugnatur
1057 2088 1110 2149 hic
1130 2090 1244 2171 gladio,

114 2210 179 2251 nou
191 2191 322 2264 viribus,
345 2210 411 2250 non
430 2188 515 2248 lsasta
536 2186 734 2268 progreditur
752 2184 787 2246 iu
802 2205 945 2266 campum
967 2187 1066 2269 (quod
1083 2190 1247 2272 superbiae

116 2289 235 2351 crimen
256 2286 321 2369 est)
341 2308 413 2350 cum
432 2289 517 2366 Rege
539 2287 644 2348 miles:
685 2285 730 2346 ibi
751 2284 834 2346 enim
856 2283 946 2360 dicit,
975 2287 1059 2365 quod
1078 2289 1196 2348 bellare
1216 2297 1247 2349 et

115 2387 163 2450 ire
183 2389 220 2447 iu
241 2407 384 2470 campum
404 2385 564 2467 superbiae
585 2385 702 2446 crimen
724 2393 783 2446 est:
817 2384 872 2445 sed
890 2383 949 2445 hoc
970 2386 1091 2447 faciunt
1111 2388 1195 2468 Papa
1216 2395 1247 2448 et

114 2488 294 2568 Imperator
315 2495 346 2546 et
365 2505 485 2568 semper
505 2485 664 2557 fecerunt,
686 2493 717 2544 et
737 2483 829 2547 etiam
851 2484 960 2560 multi,
981 2485 1037 2565 qui
1057 2488 1249 2550 suntinCa-

116 2586 226 2666 talogo
256 2587 443 2650 Sanctorum.
509 2585 544 2644 Si
572 2602 644 2662 ergo
672 2584 721 2644 ire
738 2582 774 2644 in
794 2601 937 2662 eampum
952 2595 1038 2646 esset
1058 2587 1177 2648 crimen
1194 2609 1249 2649 aar

115 2684 267 2768 perbiae,
288 2695 362 2746 tuuc
383 2685 432 2745 illi
444 2682 567 2756 Sancti,
587 2693 621 2744 et·
631 2683 804 2763 Imperator
825 2682 1007 2759 modernus,
1028 2695 1058 2746 et
1080 2687 1173 2748 etiam
1188 2689 1250 2750 Pa·
1368 2683 1371 2689 ’

116 2807 159 2869 pa
181 2795 283 2846 essent
300 2784 334 2844 iu
353 2794 478 2866 peccato
499 2782 638 2858 mortali,
675 2791 706 2841 et
726 2801 784 2862 per
804 2801 992 2864 consequens
1010 2800 1127 2847 erraret
1141 2781 1251 2850 Eccle-

118 2888 181 2960 sia,
203 2905 282 2965 quao
303 2884 398 2945 habet
415 2904 474 2964 pro
492 2877 621 2945 Sanctis.
662 2881 743 2962 Ergo
764 2881 963 2946 Plefferkoru
985 2885 1101 2949 directe
1116 2900 1161 2949 est
1176 2910 1252 2950 con·-

118 2995 170 3048 tra
187 2987 241 3048 Ius
262 2985 455 3046 canonicum
478 2994 508 3045 et
528 2981 647 3057 Civile,
691 2990 798 3044 contra
822 2982 1041 3062 Imperatorem
1069 2997 1100 3048 et
1125 2989 1252 3071 Papam,

118 3095 230 3148 contra
248 3085 417 3148 Ecclesiam
432 3095 463 3144 et
482 3082 661 3165 Imperium.
722 3081 924 3162 Respondeo,
956 3085 1040 3166 qaod
1061 3086 1138 3148 haec
1157 3093 1253 3152 rerba

119 3194 203 3244 sunt·
214 3182 394 3259 limitanda,
429 3204 563 3265 qaorum
589 3181 660 3243 talis
686 3180 746 3240 erit
770 3181 961 3266 intellectus,
994 3186 1078 3265 quod
1104 3188 1253 3252 bellantes

121 3303 194 3343 cum
219 3281 314 3343 armis
341 3293 372 3345 et
407 3282 553 3346 vadentes
579 3284 615 3342 in
636 3301 779 3362 campum
814 3281 1011 3344 committunt
1046 3286 1164 3346 crimen
1198 3310 1254 3350 eu·
1300 3320 1304 3330 ν

121 3380 265 3464 perbiae,
303 3381 340 3442 in
368 3393 517 3462 quantum
545 3383 614 3443 aine
640 3379 721 3461 justa
743 3401 834 3440 causa
861 3381 930 3440 aliis
957 3380 1078 3443 faciunt
1097 3384 1254 3466 injuriam.

123 3483 187 3542 Sed
207 3479 329 3562 quando
349 3479 521 3564 Imperator
540 3491 572 3542 et
590 3481 674 3562 Papa
693 3489 805 3561 gerunt
818 3479 952 3555 bellum,
986 3493 1061 3542 tune
1081 3485 1255 3564 praesumi-

123 3589 193 3655 tur,
213 3581 298 3662 quod
318 3580 439 3640 faciunt
457 3599 516 3662 pro
536 3578 720 3642 defensioue
739 3578 913 3658 Ecclesiae,
939 3580 1035 3643 etsie
1054 3581 1255 3658 Piefferkcrn
1335 3592 1341 3609 ‘

124 3701 190 3742 noa
206 3677 410 3764 reprehendit
429 3700 490 3743 eos.

515 3847 654 3910 Octavus
693 3843 827 3910 Artioul
864 3888 872 3907 .

208 3978 297 4042 Dicit
309 3979 540 4062 lteuchlinbm:
581 3980 782 4042 Plefferkorn
802 3978 905 4062 arguit
922 3977 1154 4063 imperatorem,
1174 3985 1259 4066 quod

125 4079 287 4155 mentitur,
309 4081 383 4161 quia
403 4080 448 4142 sic
468 4080 575 4142 scribit
598 4081 637 4144 0.
649 4081 682 4141 ii.
704 4081 816 4141 colam.
830 4081 943 4164 prima,
964 4093 1070 4144 contra
1089 4084 1261 4146 Reucblin:

126 4183 194 4262 Ego
221 4181 417 4256 contradico,
459 4203 531 4242 eum
561 4201 626 4242 esse
649 4181 841 4262 proditorem
865 4181 979 4242 Deiret
1003 4184 1193 4260 Hominum,
1230 4167 1271 4246 et·

129 4282 298 4346 Caesareae
311 4281 480 4364 Maiestatis
499 4281 654 4366 perfidum
682 4280 899 4346 consultorem.
925 4268 928 4272 ⁵
960 4283 999 4344 Ia
1018 4283 1067 4345 his
1089 4294 1262 4366 apertete-
