2896 4716
397 303 949 404 oasounrtuon.
1160 323 1229 402 Ι259
1318 331 1320 336 ·

6 507 8 544 t
95 491 202 544 restra
213 493 223 554 ,
243 486 309 540 non
327 477 501 559 scio,¹quia
521 498 585 541 non
607 487 679 540 sunt
696 477 777 542 mibi
797 480 875 540 noti.
930 478 992 540 Sed
1011 479 1134 560 quando
1153 477 1227 558 scio,

6 589 8 684 ζ
98 591 173 641 tunc
193 579 268 644 volo
288 575 383 644 vobis
396 579 548 654 scribere,
575 598 633 659 pro
653 598 738 638 nuno
757 579 938 646 commendo
953 599 1008 640 vos
1027 580 1105 639 Deo.
1181 651 1186 660 ,
1246 576 1248 584 '

101 749 266 832 Gilbertus
291 765 514 830 Porratonins,
550 762 683 822 Artium
708 747 866 847 Magistir
893 775 924 820 et
956 763 1118 840 utriusque
1140 763 1228 821 Juris
1271 807 1281 824 ,
1330 817 1331 824 ,

178 863 431 930 Baccanaraas,
465 865 513 923 M.
534 861 668 944 Ortna'no
696 863 805 921 Gratio
833 862 1146 939 salutemplurimam

339 948 341 955 λ
619 960 708 1020 disis.
1005 943 1008 950 Ι

184 1077 275 1136 Salus
296 1075 402 1151 vobis,
442 1087 473 1136 et
492 1075 573 1136 bona
600 1075 672 1135 dies.
711 1075 906 1139 Venerabilis
931 1075 997 1138 vir!
1025 1077 1087 1156 legi
1106 1064 1228 1138 literam

97 1181 249 1243 vestram,
289 1196 380 1255 quam
401 1174 525 1236 misistis
545 1173 623 1234 mibi
644 1175 683 1234 ad
706 1176 888 1256 Ingelstadt,
932 1184 962 1234 et
984 1175 1127 1236 intellexi
1149 1176 1229 1236 bene
1289 1255 1291 1262 .
1335 1254 1336 1263 ἵ

99 1272 281 1350 opinionem
302 1283 443 1334 vestram.
485 1274 550 1352 Vos
574 1274 693 1348 dicitis,
716 1275 799 1353 quod
818 1275 950 1334 multum
971 1273 1124 1354 gaudetis,
1147 1273 1247 1352 quod*

99 1388 154 1448 ego
183 1391 252 1430 sum
280 1372 399 1451 primus
428 1373 623 1452 Theologus‚
665 1383 696 1431 et
726 1393 810 1436 nune
838 1373 930 1432 etiarn
948 1363 1055 1434 studeo
1084 1372 1119 1432 in
1139 1375 1228 1458 June:
1335 1413 1337 1418 -

98 1467 172 1546 quia
194 1478 241 1528 est
260 1471 350 1530 valde
375 1470 509 1543 bonum,
550 1469 633 1549 quod
660 1471 757 1550 aliqui
780 1471 932 1550 Theologi
961 1482 1033 1532 sunt
1053 1471 1174 1550 experti
1194 1471 1229 1531 in
1258 1540 1261 1559 Ι

96 1566 189 1640 Iure,
222 1580 260 1626 ut
280 1569 398 1648 possint
419 1569 575 1650 disputa-re
596 1589 666 1629 cnm
687 1569 816 1630 Juristis.
871 1571 912 1630 Et
933 1571 1064 1630 scribitis
1086 1569 1165 1630 mihi
1190 1570 1229 1629 de

97 1665 282 1744 quibusdam
302 1668 462 1737 terminis,
483 1669 590 1728 volens
610 1671 687 1728 scire
708 1669 783 1747 quid
803 1668 990 1747 significant:
1011 1667 1084 1749 quia
1103 1668 1228 1728 videtur

96 1763 205 1832 vobis,
237 1765 312 1845 quid
331 1779 404 1825 sunt
423 1763 550 1844 rustici3
592 1778 623 1829 et
642 1767 737 1840 bene,
770 1777 842 1827 sunt
864 1767 988 1827 etenim.
1047 1768 1088 1826 Et
1109 1766 1227 1827 habetis

96 1861 150 1921 hic
172 1865 378 1944 expositiones
399 1885 513 1930 eorumx
535 1885 575 1924 ex
601 1863 716 1924 Glossis
746 1877 777 1939 et
794 1867 961 1940 Accuraio,
990 1875 1021 1926 et
1039 1865 1083 1924 sio
1101 1865 1228 1945 potestis

96 1961 226 2036 vidsre,
248 1963 330 2041 quod
351 1962 449 2023 habeo
469 1964 585 2024 bonum
609 1945 846 2024 tundamentum
873 1965 908 2024 in
926 1967 1018 2025 June:
1045 1966 1141 2026 Latus
1164 1967 1228 2024 ota-

97 2081 155 2119 vus
172 2067 216 2120 e‘st
233 2082 346 2122 nomen
369 2062 537 2140 dignitatis:
561 2061 744 2135 veldicitur,
759 2064 919 2140 quoderat
939 2065 1024 2124 clava
1039 2063 1077 2122 de
1092 2065 1226 2138 metallo,

18 2207 20 2211 ,
96 2180 191 2238 quam
212 2160 393 2241 projiciebat
415 2161 574 2221 Tribunus
595 2161 629 2220 in
653 2161 893 2221 confertissimos
913 2161 1031 2235 hostes,
1052 2172 1082 2221 et
1101 2161 1145 2220 sic
1158 2163 1227 2220 'cae-

96 2259 158 2316 teri
180 2279 286 2318 omnes
306 2260 429 2320 fortiter
450 2260 626 2340 pugnabant
647 2259 707 2333 ita,
745 2260 828 2340 quod
850 2261 968 2322 olavam
987 2259 1073 2318 illam
1093 2279 1227 2340 recupe-

95 2339 215 2418 rabant.
256 2357 514 2438 Epistogtapbum
537 2370 582 2418 est
602 2358 706 2417 tabula
728 2359 848 2436 lignea,
869 2361 903 2418 in
923 2368 1091 2438 quaerant
1111 2361 1225 2440 scripta
1330 2389 1333 2396 ¹

97 2458 217 2531 debita,
238 2467 274 2517 ut
292 2457 386 2516 hodie
405 2457 460 2533 fit;
502 2455 615 2519 dicitur
649 2457 897 2538 epistographum
920 2458 957 2516 ab
979 2457 1086 2536 opibus
1107 2469 1138 2515 et
1156 2479 1226 2536 gra·

94 2555 188 2636 phia,
211 2555 294 2636 quod
315 2567 358 2617 est
379 2555 529 2634 scriptura
550 2576 675 2616 suarum
697 2556 812 2635 opium.
867 2557 983 2618 Abaces
1003 2555 1150 2615 dicuntur
1168 2577 1224 2618 va-

93 2677 126 2714 sa
147 2655 293 2736 pretiosa.
355 2654 517 2715 Corinthia
538 2637 684 2715 dicuntur
703 2674 776 2715 vasa
799 2654 837 2713 de
862 2655 920 2716 vili
946 2653 1090 2726 materia,
1130 2664 1166 2713 ut
1186 2656 1235 2726 de

92 2755 185 2835 palea
203 2755 256 2816 vel
279 2750 372 2813 herbe
391 2754 539 2833 palustri,
562 2753 666 2835 quales
686 2753 867 2814 venduntur
886 2753 1052 2814 Bononiae.
1108 2755 1224 2815 Balnea

95 2863 144 2912 est
161 2872 216 2913 vas
236 2852 357 2926 lucens,
385 2853 438 2914 vel
460 2853 547 2932 quasi
567 2853 706 2913 baiulans
727 2852 828 2911 lucem
849 2849 901 2912 vet
920 2852 1048 2943 lancem.
1090 2853 1250 2934 Prothy-›

93 2970 167 3011 rum
189 2971 207 3009 a
226 2951 351 3030 thynos,
371 2952 454 3030 quod
475 2962 519 3012 est
539 2952 702 3032 Magister,
723 2961 753 3010 et
773 2949 925 3025 nescitur,
948 2951 1023 3031 quid
1043 2951 1090 3026 sit,
1112 2951 1223 3013 dicere.

92 3051 157 3110 Vel
185 3050 318 3122 dicitur,
355 3051 439 3136 quod
458 3051 619 3121 est‘illud,
655 3049 737 3130 quod
756 3050 867 3129 procul
886 3051 1035 3123 trahitur,
1071 3061 1107 3110 ut
1126 3074 1221 3135 aqua,
1314 3036 1317 3039 .

92 3150 147 3208 vel
173 3148 292 3228 aliquid
317 3149 416 3224 aliud,
451 3161 488 3208 ut
507 3151 540 3209 in
561 3150 652 3209 domo
675 3149 798 3208 Acousii
819 3151 952 3228 Cyrella.
1015 3149 1221 3236 Obsonatores

93 3257 184 3320 sunt,
221 3247 275 3327 qui
302 3247 479 3310 custodiunt
505 3250 676 3309 Dominum
714 3250 749 3308 in
782 3249 886 3323 lecto,
927 3248 979 3309 vel
1017 3248 1221 3324 obsonatores,

93 3347 150 3427 qui
170 3356 315 3406 resonant
336 3356 366 3406 et
387 3356 510 3407 cantant
527 3349 664 3409 Domino
685 3348 720 3408 in
743 3369 858 3408 mensa.
922 3349 1154 3428 Hypocaustum
1177 3359 1222 3408 est
1314 3381 1318 3386 ·

91 3447 195 3519 locus',
217 3445 272 3505 ubi
292 3455 372 3506 stant
392 3447 526 3527 aegroti,
549 3449 603 3526 qui
624 3448 808 3528 quandoque
829 3445 969 3526 indigent
992 3446 1069 3524 igne.
1111 3445 1220 3530 Gallus
1248 3511 1251 3520 .

92 3545 281 3625 gallinaceus
307 3545 421 3606 dieitur
442 3547 550 3606 Gallus
578 3557 722 3607 castratus
749 3545 843 3605 etsie
863 3545 952 3612 uilis,
994 3563 1085 3622 quem
1105 3543 1220 3606 ‘dicunt

90 3643 208 3704 fortius
240 3664 378 3724 pugnata
409 3625 482 3705 'eum
518 3655 668 3726 serpente.
741 3643 807 3703 vet
829 3643 943 3702 dicitnr
965 3642 1072 3701 Gallus
1090 3643 1220 3721 gallina-

91 3742 176 3816 cius,
196 3743 270 3824 quia
292 3752 375 3804 amat
395 3744 549 3818 Gallinas,
577 3753 623 3806 ut.
633 3743 684 3804 vir
702 3741 849 3813 uxorius,
887 3741 941 3819 qui
957 3739 1088 3800 feminas
1109 3741 1217 3818 diligit.

89 3839 188 3902 Utin
210 3842 286 3903 Odia
306 3843 444 3904 Horatii:
467 3844 557 3904 Dieta
578 3833 624 3903 est
644 3842 729 3901 loeus
748 3841 782 3898 in
804 3840 899 3912 aulis,
918 3838 974 3898 ubi
993 3839 1121 3900 Domini
1137 3849 1218 3898 stant

90 3940 130 4000 ad
150 3942 263 4022 ignem.
327 3944 449 4006 Chorus
478 3952 523 4002 est
545 3940 710 4002 multitudo
740 3958 900 3998 servorum
932 3938 1217 4019 cantantiumeum

90 4040 225 4120 quodam
247 4044 453 4104 instrumento
481 4041 613 4116 musico,
648 4039 729 4119 quod
755 4038 864 4097 dieitut
893 4037 1022 4098 (thorus.
1084 4038 1216 4098 Centum

88 4139 181 4215 Viri,
201 4152 275 4200 sunt
295 4144 474 4214 Senatores,
495 4139 550 4220 qui
570 4147 692 4200 centum
714 4157 844 4197 numero
868 4147 964 4197 erant.
1004 4135 1154 4196 Patricius
1167 4136 1216 4195 di-

87 4237 170 4302 citur
190 4241 280 4322 qnasi
305 4239 461 4320 Principis
482 4238 587 4316 Pater3
627 4236 711 4298 unde
737 4225 914 4300 Sallustius:
945 4234 1109 4394 iim
1130 4234 1215 4297 Gon-

966 4329 970 4347 '
995 4333 1010 4366 ff
