2896 4716
396 300 664 402 onscnR
705 335 928 400 vinos
1161 333 1226 402 aas
1352 324 1355 338 ¹

89 493 278 575 Theologia,
313 513 404 576 qnam
427 505 498 558 ante
519 517 617 590 pauca
637 497 739 556 secula
761 503 992 576 usurpaverunt
1012 493 1087 564 s1h1,
1124 497 1224 557 relin-

90 609 216 676 quentes
234 581 312 655 illos
333 598 473 675 antiquos
496 607 525 655 et
547 596 682 658 literatos
705 594 893 674 Theologos,
927 594 1037 674 quiin
1058 616 1133 656 vera
1152 597 1224 656 luce

91 696 324 775 Scriptursrum·
344 697 589 756 ambulaverunt.
628 695 694 776 Ipsi
716 705 834 754 autem
841 715 905 754 non
925 694 1027 754 sciunt
1048 715 1149 774 neque
1176 697 1225 754 la-

90 796 187 866 tinas,
209 815 312 873 neque
333 815 454 875 graecas
466 838 474 867 ,
496 815 596 875 neque
617 795 774 855 hebraicas
796 795 915 866 literas,
941 803 982 853 ut
1003 805 1129 874 possent
1147 795 1225 855 sori-

90 904 195 973 ptnrss
218 893 402 974 intelligere.
454 895 495 955 Et
515 879 588 972 crgo
608 892 717 952 relicta
736 913 811 954 vera
831 901 861 952 et
888 891 1038 972 originali·
1053 892 1226 974 Theologia

91 992 171 1051 nihil
190 991 324 1071 amplius
347 993 483 1068 faciunt,
511 995 573 1054 nisi
597 993 679 1074 quod
700 992 871 1074 disputant,
909 1001 939 1051 et
961 1003 1224 1072 argumentantur,

92 1101 120 1150 et
139 1101 269 1150 movent
289 1091 416 1152 inutiles
437 1083 637 1173 quaestiones.
699 1091 739 1151 Et
759 1092 818 1150 ista
849 1090 993 1150 faciendo
1024 1090 1150 1166 dicant,
1192 1114 1226 1152 se

92 1189 261 1249 defendere
286 1191 394 1250 Fidem
422 1191 630 1264 catholicam,
674 1211 744 1252 cnm
772 1199 877 1249 tamen
906 1189 1065 1248 neminem
1089 1190 1172 1269 apud
1193 1212 1226 1250 se

93 1289 243 1362 habeant,
285 1291 340 1368 qui
358 1300 475 1371 pugnat
500 1300 607 1350 contra
625 1288 736 1367 fidem3
777 1299 808 1349 et
837 1288 881 1347 sic
911 1285 1067 1348 inutiliter
1088 1291 1226 1368 perdunt
1283 1274 1285 1282 ,

94 1399 249 1468 tempora,
281 1401 312 1448 et
331 1409 409 1448 non
416 1390 582 1450 conterunt
594 1336 736 1485 aliquani
752 1388 947 1448 utilitatem'
938 1407 972 1447 ιιι
993 1387 1131 1448 Ecclesia
1153 1391 1226 1450 Dei.

93 1488 201 1547 Sed
175 1509 203 1546 s1
224 1488 445 1567 disputationes
466 1509 574 1548 eorum
599 1487 748 1548 haberent
773 1488 908 1567 aliquam
928 1487 1111 1561 utilitatem,
1150 1475 1226 1549 tunc

92 1597 217 1666 possent
244 1586 330 1646 illam
356 1597 478 1648 vertere
507 1589 546 1647 ad
572 1589 766 1648 contmodum
794 1587 949 1647 Ecclesiae
977 1587 1067 1646 Fidei
1085 1586 1227 1648 Catholi-

93 1706 161 1758 cae,
205 1687 307 1746 cundo
328 1707 384 1767 per
403 1687 570 1761 mundum,
614 1699 645 1751 et
670 1687 848 1768 praedicare
874 1687 1005 1747 verbum
1025 1687 1104 1760 Dei,
1147 1687 1228 1754 sicut
1292 1753 1294 1758 ,

93 1786 251 1864 Apostoli,
279 1796 309 1845 et
329 1787 485 1867 disputare
507 1798 613 1848 contra
636 1787 788 1861 Graecos,
822 1785 904 1866 quod
924 1785 1085 1846 redeant
1075 1806 1109 1845 sn
1130 1786 1226 1846 unio-

93 1904 166 1943 nem
186 1883 221 1943 in
242 1886 379 1946 Ecclesia
397 1889 545 1946 Romana.
585 1887 692 1948 Vel
667 1907 694 1945 st
715 1906 778 1946 ιιοιι
801 1887 918 1947 vellent
937 1885 1029 1965 longe
1050 1885 1146 1960 abire,
1167 1875 1228 1946 sal-
1286 1891 1288 1898 ’

94 1992 155 2041 tem
176 1983 261 2043 irent
278 1987 313 2044 in
331 1985 508 2060 Boenrism,
539 1983 755 2046 concludentes
781 1985 868 2044 illam
892 1994 1014 2064 gentem
1041 2007 1112 2046 cum
1134 2007 1228 2067 argu·
1286 2045 1287 2050 ,

95 2082 208 2142 mentis
228 2092 259 2143 et
278 2085 461 2164 syllogismis
481 2085 552 2146 suis.
602 2085 664 2145 Sed
686 2083 746 2144 hoc
766 2105 831 2144 non
852 2084 979 2144 faciunt.
1041 2085 1162 2145 Verum
1182 2084 1229 2145 ibi

94 2183 269 2262 disputant,
291 2184 344 2242 ubi
359 2205 423 2244 non
444 2196 489 2243 est
510 2203 595 2264 opus.
657 2185 739 2263 Ergo
759 2183 896 2244 visitabit
917 2201 968 2242 eos
988 2184 1158 2257 Dominus,
1198 2195 1230 2242 et

93 2287 197 2342 mittet
218 2283 363 2362 quosdam
392 2283 468 2342 alios
491 2280 657 2356 Doctores',
690 2283 826 2355 Graece,
860 2281 989 2355 Latine,
1024 2292 1054 2342 et
1074 2281 1229 2340 Hebraice

93 2383 225 2456 doctos,
245 2384 298 2462 qui
319 2380 420 2461 ejectis
442 2383 505 2442 illis
525 2382 661 2447 fecibus,
693 2380 726 2439 id
749 2393 807 2455 est,
831 2381 938 2441 ablatis
958 2381 1021 2440 illis
1042 2380 1156 2458 ineptis
1177 2387 1231 2439 cass

92 2481 326 2553 villationibus,
358 2491 389 2541 et
410 2481 594 2541 adulterinis
615 2478 800 2560 Theologis,
835 2489 865 2539 et
886 2479 1023 2539 obscuris
1043 2492 1230 2538 commenta-

90 2581 255 2653 tionibus,
276 2579 423 2660 addncent
442 2582 584 2640 lucernas
603 2599 688 2652 suas,
717 2587 749 2638 et
768 2579 968 2638 illustrabunt
984 2579 1176 2660 Scripturas,
1199 2588 1230 2639 et
1319 2583 1322 2594 ¹

91 2679 265 2742 restituent
291 2681 377 2740 nobis
405 2681 563 2760 antiquam
592 2688 622 2740 et
650 2697 756 2738 veram
777 2677 997 2760 Theologiam,
1027 2678 1108 2758 sicut
1128 2699 1231 2758 nuper
1283 2739 1293 2752 x

92 2780 151 2840 ille
171 2780 421 2859 praenominatus
443 2783 588 2841 Erasmus
615 2779 792 2840 emendavit
809 2778 904 2838 libros
924 2777 1021 2836 sancti
1040 2777 1229 2852 Hieronimi,

96 2889 126 2942 et
147 2877 227 2939 fecit
247 2890 299 2940 eos
319 2880 468 2960 imprimi.
521 2879 623 2939 Etiam
644 2877 820 2938 emendavit
841 2877 966 2939 Novum
987 2879 1229 2946 Testamentum,

96 2978 181 3060 qnod
203 2997 259 3057 ego
282 2979 374 3038 credo
397 2999 462 3038 esse
489 2979 600 3054 majori
626 2977 769 3051 utilitati,
813 2997 905 3056 quam
934 2977 962 3036 si
990 2977 1102 3056 viginti
1133 2975 1232 3035 millia

96 3077 247 3138 Scotistae
275 3079 328 3140 rel
349 3079 528 3140 Thomistae
556 3089 679 3137 centnm
706 3096 802 3136 annos
823 3076 1016 3156 disputarent
1039 3076 1178 3134 de'Ente
1201 3085 1232 3134 ct

96 3177 245 3238 Essentia.
305 3179 470 3258 Postquam
491 3178 570 3260 dixit
590 3179 679 3251 talia,
720 3177 867 3256 respondi
891 3195 961 3256 ego:
1000 3174 1160 3235 Custodiat
1179 3194 1261 3254 ¹¹¹⁶st

96 3276 255 3336 Dominus
267 3277 368 3350 Deus,
410 3278 485 3358 quid
507 3277 625 3337 eudiol
668 3277 732 3338 Vos
754 3276 793 3345 de
813 3275 895 3335 facto
919 3273 990 3332 estis
1015 3271 1231 3332 excommuni-
1297 3307 1298 3314 κ

98 3386 200 3449 catus,
223 3386 253 3436 et
275 3376 363 3438 volui
380 3378 465 3438 abire
485 3378 523 3436 sb
544 3397 590 3436 eo.
633 3377 723 3436 Tunc
738 3358 925 3446 tenuit‘me,
947 3373 1068 3430 dicens:
1089 3371 1231 3431 Audistis

97 3486 200 3536 tamen
233 3473 338 3536 tinem.
393 3461 574 3556 'Respondit
617 3475 700 3536 Nolo
723 3473 831 3534 andire
850 3472 954 3556 linem.
1014 3472 1105 3530 'Punc
1134 3469 1256 3557 dixitzl

98 3575 243 3636 Audistis
264 3594 337 3656 ergo
357 3576 473 3660 solum,
494 3575 649 3655 quomodo
665 3593 824 3653 ,exponam
843 3570 1037 3651 prophetam.
1087 3569 1128 3628 Et
1148 3568 1233 3648 cogi-

100 3676 167 3735 tari
190 3695 328 3748 mecum,
353 3675 435 3753 quod
456 3675 529 3734 volo
550 3671 676 3742 audire,
699 3673 772 3752 quia
791 3671 873 3730 nihil
894 3678 985 3728 nocet
1004 3666 1113 3727 audire
1132 3687 1250 3726 unum¹

101 3775 419 3849 excommunicatum,
448 3755 622 3852 ¹¹dnmmodo
645 3770 756 3850 aliquis
776 3791 840 3830 non
861 3768 939 3828 bibit
959 3767 1010 3828 vel
1029 3765 1163 3825 comedit
1181 3786 1232 3824 se·

101 3895 181 3935 cum.
209 3873 438 3956 Tuncinccpit
457 3873 519 3932 sic:
540 3870 728 3945 „Attendite,
750 3889 769 3928 o
783 3888 838 3928 vos
859 3865 1042 3946 Philosophi
1064 3863 1234 3925 Colonien-

100 3978 178 4034 ses.“
219 3975 293 4034 Non
314 3961 393 4032 dixit
413 3972 582 4051 Theologi,
602 3970 656 4028 sed
675 3967 866 4048 Philosophi.
889 3966 973 4044 Quis
985 3963 1157 4043 Theologia
1170 3965 1235 4024 Co-

102 4075 290 4134 loniensium
313 4075 416 4153 potius
438 4081 482 4131 est
502 4067 721 4148 Philosophia,
743 4067 818 4126 item
840 4068 900 4125 Ars
921 4063 1111 4143 Sophistica,
1131 4085 1234 4144 ,quam
1262 4129 1264 4134 ¹

102 4172 276 4254 Theologia
295 4172 442 4232 dicenda:
484 4169 557 4250 quia
577 4167 658 4227 nihil
679 4167 764 4227 aliud
785 4176 846 4237 est,
868 4181 960 4243 quam
982 4162 1145 4242 garrulitas
1168 4163 1236 4224 dia-

102 4273 221 4348 bolica,
245 4281 278 4341 et>
295 4266 585 4353 inanistoquacitas
604 4264 674 4343 „Na
695 4265 763 4348 lupi
783 4265 945 4346 rapaces,“
971 4259 1087 4324 scilicet
1106 4261 1245 4328 Iacobus,
