2896 4716
419 279 702 411 ousseuu.
747 315 967 394 vtuou.
1197 311 1257 380 tet
1377 350 1384 360 =

132 473 201 555 ejus
224 472 359 546 Vasslli,
394 482 424 534 et
443 469 584 536 curiales
604 485 634 534 ot
655 433 820 555 Sanmite,
852 482 884 536 et
901 471 1020 536 Milites
1041 479 1073 534 et
1092 445 1262 552 Aruigiri,
1297 446 1300 454 ¹

132 575 281 635 hebentes
302 581 402 634 vestes
420 573 547 646 serious,
578 585 621 634 ¹et
637 586 767 634 *catenus
795 585 903 634 eureus
928 570 963 630 iu
984 570 1081 630 collis?
1089 571 1161 638 suis.
1176 629 1189 648 Ν
1217 570 1268 630 Et·

5 665 11 676 ’
132 671 232 752 aliqui
251 672 389 733 fuerunt
401 670 555 732 terribiles
575 693 646 744 oum
672 672 774 734 barbis
799 669 972 732 et‘birr'etis
996 669 1094 736 soissis
1115 651 1259 730 militari-

130 765 189 832 ter.
229 771 271 832 Et
290 766 383 832 timui
403 769 562 830 comedere
580 771 615 830 iu
633 769 784 852 hospitio,
814 769 887 849 quis
906 768 1013 830 audivi
1034 788 1132 830 unum
1151 768 1258 832 dieen—
1341 831 1343 835 ,

132 881 214 944 tem,
235 869 263 930 si
283 877 363 931 esset
381 869 567 950 imperator,
587 867 654 950 ipse
673 869 769 929 vellet
788 868 977 948 suspendere
994 887 1101 930 omues
1120 866 1259 952 Osptisa-

132 987 207 1041 nos,
228 966 301 1048 quis
322 967 440 1028 vadunt
458 969 608 1040 Remum,
643 976 675 1027 et
695 966 803 1028 dieunt
822 964 980 1048 nequities.
1022 967 1071 1030 lbi
1090 951 1186 1026 etism·
1203 965 1259 1026 de-

133 1065 254 1146 cipiunt
272 1085 305 1124 se
326 1065 463 1126 iuuioem
478 1085 540 1146 ,pro
560 1063 716 1126 beneficiis
726 1106 737 1139 ,
770 1074 801 1126 et
827 1074 942 1128 vexent
969 1065 1046 1152 ulios
1064 1063 1258 1131 beneficietot

131 1164 167 1224 iu
187 1163 345 1238 Almonis,
369 1170 400 1224 et
420 1161 555 1236 faciunt,
577 1164 659 1242 quod
680 1163 814 1246 peeuuiu
832 1164 919 1228 veuit
938 1164 977 1224 ud
998 1166 1131 1224 Romam
1144 1164 1182 1222 de
1201 1164 1260 1250 dl*

132 1262 244 1324 mauis.
284 1263 326 1324 Et
345 1260 391 1322 sie
410 1261 494 1336 vidi,
516 1261 602 1342 quod
621 1262 673 1322 isti
693 1262 832 1324 Curiules
852 1282 917 1324 nou
937 1272 1048 1326 curent
1067 1263 1180 1336 Deum,
1201 1283 1258 1322 ue-

131 1380 193 1441 que
207 1360 369 1432 homiues,
392 1371 423 1423 et
434 1380 508 1440 ergo
519 1359 677 1440 peribunt,
695 1359 775 1426 sieut
783 1361 888 1441 pulvis
900 1371 921 1422 s*
933 1355 1131 1424 factoven‘ti.
1148 1362 1258 1422 Postea

132 1459 407 1541 haurivimus'per
425 1479 524 1522 uuum
544 1469 691 1534 montem,
712 1460 767 1538 qui
789 1460 851 1522 fuit
873 1461 983 1540 plenus
997 1460 1088 1536 nive,
1104 1471 1134 1522 et
1155 1461 1262 1522 estitu

130 1560 229 1634 altus,
250 1560 335 1640 quod
355 1558 465 1630 eredo,
488 1560 571 1640 quod
591 1558 701 1621 transit
725 1559 764 1628 ad
785 1559 1038 1634 redimendi,
1079 1571 1110 1620 et
1129 1560 1191 1620 fuit
1213 1561 1260 1622 ite

129 1665 277 1740 maguum
296 1658 395 1738 frigus
414 1660 508 1738 super
528 1656 618 1717 illum
640 1671 797 1732 montem,
830 1660 923 1738 quod·
941 1659 1050 1740 putori
1075 1658 1189 1724 habere
1207 1659 1258 1720 ie·

127 1759 242 1830 brem,
267 1767 297 1817 et
317 1755 447 1837 eogitari
470 1754 509 1814 de
527 1756 610 1817 stuiu
630 1777 698 1816 meu
717 1757 873 1819 consue.
922 1759 1013 1818 Dixit
1032 1768 1134 1820 sutem
1156 1759 1258 1836 socius

128 1875 237 1916 meuse
259 1856 288 1915 O
306 1853 333 1916 ri
351 1853 496 1915 haberem
515 1856 663 1934 pellicum
683 1877 807 1918 meum:
828 1866 903 1919 tuno
922 1857 990 1920 dixi
1010 1858 1070 1918 eie
1089 1859 1153 1918 Vos
1175 1877 1256 1918 sem·
1327 1873 1347 1947 ,³

127 1976 189 2038 per
209 1953 335 2035 queritis
356 1954 394 2014 de
414 1952 598 2031 frigiditate,
626 1956 750 2035 quaudo
768 1955 839 2018 estis
859 1954 894 2016 in
914 1956 1048 2038 Campo,
1082 1969 1113 2016 et
1132 1956 1255 2034 quando

128 2052 243 2114 venitis
265 2051 305 2114 sd
324 2050 511 2133 hospitium,
547 2064 621 2115 tuuc
640 2055 735 2116 vultis
753 2075 927 2136 supponere
934 2078 943 2133 ;
963 2076 1028 2116 uon
1049 2056 1149 2129 scitis,
1172 2055 1257 2136 quod
1324 2061 1330 2082 ¹

127 2153 228 2214 coitus
248 2153 339 2214 etism
360 2150 544 2232 infrigidet?
585 2153 756 2233 Respondit
773 2155 849 2234 ipse,
872 2155 1029 2233 quodnou
1050 2155 1174 2217 videtur
1183 2155 1255 2232 sibi,
1311 2184 1314 2196 ·

126 2244 213 2331 quod
231 2245 406 2332 infrigidat,
429 2251 483 2312 sed
503 2251 651 2312 calefacit.
684 2254 724 2312 Et
742 2253 857 2314 debetis
874 2252 966 2325 scire,
987 2252 1134 2330 Magister
1147 2251 1256 2316 Ortuir

124 2371 188 2426 ue,
225 2350 310 2432 quod
334 2349 370 2410 in
395 2349 461 2412 vite
487 2371 557 2410 mee
577 2366 640 2410 non
660 2351 728 2412 vidi
750 2371 848 2412 unum
869 2349 1026 2412 hominem
1047 2351 1091 2412 its
1110 2351 1255 2415 luxuries

124 2448 215 2525 sum3
236 2469 359 2530 semper
376 2448 498 2528 quaudo
517 2449 702 2510 intravimus
714 2467 811 2510 unum
829 2448 1021 2528 hospitium,
1033 2450 1256 2532 tuuoprimum

122 2549 263 2610 verbum
286 2547 405 2608 suited
430 2548 583 2618 famulum
610 2547 757 2627 hospitis:
792 2548 822 2610 0
845 2548 977 2622 frume,
1011 2569 1075 2608 nou
1105 2549 1254 2611 habemus

122 2646 248 2728 aliquid
274 2666 333 2726 pro
358 2647 506 2725 genibus?
546 2646 694 2726 Deotylus
724 2667 811 2708 meus
836 2647 993 2709 stetouihi
1012 2648 1168 2722 ite-dure,
1196 2667 1256 2729 ego

122 2746 209 2819 seio,
230 2745 314 2824 quod
333 2746 445 2806 vetlem
466 2767 536 2806 cum
557 2765 594 2806 eo
615 2763 710 2806 nuces
729 2759 823 2824 supro
841 2756 1010 2828 pereutere.
1030 2781 1033 2786 2
1051 2746 1173 2808 Deinde
1194 2764 1252 2815 rev

122 2846 231 2906 uiuum
251 2844 291 2904 ed
310 2844 513 2915 Tridentum,
546 2858 576 2906 et
595 2855 700 2926 percat
720 2845 799 2906 mihi
818 2845 970 2906 Dominus
982 2875 1007 2920 ,¹
1025 2858 1055 2906 et
1081 2865 1145 2906 vos·
1158 2846 1254 2909 etium

123 2964 192 3004 non
218 2942 354 3004 hsbeotis
382 2943 461 3002 mihi
492 2965 550 3026 pro
563 2959 566 2967 ’
579 2944 678 3017 meio,
722 2943 806 3024 quod
823 2946 937 3006 'scribo
961 2944 1054 3006 ¹robis
1075 2946 1253 3009 veritatem:

123 3043 202 3122 ‘quis
221 3042 265 3102 ibi
284 3041 377 3102 etiam
398 3043 493 3103 semel
512 3042 642 3123 purgavi
663 3061 767 3118 renes,
801 3043 916 3104 vadens
938 3046 1057 3110 occulte
1079 3044 1117 3103 ad
1138 3044 1253 3124 prosti-

122 3141 254 3215 bulum,
282 3141 336 3200 sed
357 3149 463 3222 postea
486 3141 525 3202 de
544 3153 634 3202 nocte
656 3141 744 3200 oravi
763 3140 855 3202 hores
877 3144 916 3204 de
937 3145 1021 3204 besto
1043 3143 1174 3223 Virgine
1188 3163 1252 3223 pro
1314 3213 1317 3219 Δ
1355 3170 1357 3179 ‚

121 3247 251 3319 peccato
269 3238 335 3298 illo.
394 3239 535 3302 Fuerunt
557 3240 601 3298 ibi
623 3240 735 3300 multae
754 3251 880 3317 gentes,
903 3243 1040 3303 volentes
1060 3240 1166 3300 iread
1188 3244 1252 3302 Ve-

122 3357 255 3413 ronam,
286 3350 317 3398 et
337 3339 439 3400 faeere
460 3338 506 3398 ibi
532 3339 686 3400 mirabilis
693 3355 717 3413 ,·
742 3351 772 3400 et
798 3341 978 3402 dicebantur
1005 3339 1094 3399 nobis
1113 3341 1249 3418 grundis,

124 3436 281 3516 quomodo
303 3437 473 3518 Imperator
492 3436 569 3499 velit
587 3438 743 3518 captivare
756 3437 929 3512 Venetiam,
951 3447 981 3498 et
1006 3437 1137 3498 vidimus
1156 3440 1251 3524 Bpme

123 3535 236 3597 tardas
258 3546 288 3597 et
308 3537 369 3597 sliu
387 3538 502 3610 multe,
544 3537 647 3616 qualia
665 3557 729 3596 uou
750 3536 817 3598 vidi
848 3537 967 3598 invite
987 3527 1065 3594 mes.
1126 3539 1166 3596 Et
1185 3557 1252 3598 unu

124 3633 330 3724 Ssbbptorum
351 3636 493 3697 venimus
513 3635 553 3703 ed
572 3636 737 3696 Veronam.
777 3634 834 3694 Illa
855 3644 899 3694 est
917 3633 1176 3713 pulchrs‘civitus,
1190 3637 1272 3700 hun
1376 3649 1379 3661 '

122 3733 335 3811 bensmuros,
354 3744 451 3796 cestra
475 3744 506 3795 et
525 3732 684 3806 fortalitia,
707 3742 738 3794 et
756 3732 891 3792 vidimus
911 3732 956 3792 ibi
978 3733 1104 3794 domum
1122 3735 1250 3798 Ditheri

122 3831 283 3909 tiodiem,
325 3835 380 3896 ubi
401 3835 467 3915 ipse
499 3832 663 3894 habitavit·
683 3842 714 3890 et
738 3830 784 3890 ibi
810 3831 968 3910 superavit
996 3841 1040 3892 et·
1053 3831 1253 3894 mortifieovit

121 3932 238 3994 multos
258 3933 408 4016 gigantes,
421 3931 484 4012 'qui
504 3931 703 3992 bellaverunt·
716 3950 786 3990 cum
806 3929 891 4009 ipse;
909 3939 1013 4010 postes
1023 3931 1160 3992 volentes
1173 3949 1252 4012 proe-

121 4029 232 4090 cedere
238 4075 248 4106 ,
270 4033 327 4094 diu
348 4050 412 4092 nou
429 4028 588 4112 potuimus
610 4037 745 4108 propter
761 4038 879 4090 metum
897 4029 1158 4103 Venetienuruus,
1169 4030 1250 4111 quis

120 4127 299 4199 dicebatur,
321 4131 405 4212 quod
425 4141 525 4190 essent
545 4127 580 4188 iu
601 4145 725 4206 eumpo,
766 4137 798 4188 et
819 4127 881 4186 fuit
893 4145 1019 4190 verume
1047 4129 1123 4208 quir
1144 4141 1250 4209 postet

119 4230 204 4308 apud
226 4231 388 4292 Mantuam
410 4227 586 4290 audivimus
605 4245 657 4286 eos
678 4225 897 4300 bombat-dere,
929 4222 1002 4308 quis
1020 4226 1159 4306 jaeebunt
1176 4237 1249 4296 tute
