2872 4722
202 343 245 410 90
564 336 963 402 EPISTOLAE

243 501 397 562 Nicoloras
412 495 645 577 caprimulgtaa
673 495 924 562 Baaculaurius,
959 492 1118 572 Magistro
1146 490 1283 560 Omnino

187 599 191 605 “
703 594 824 654 Gratia.

286 715 421 775 Salutem
450 710 617 793 plurimam
649 729 719 770 cum
740 727 849 788 magna
882 706 1057 770 reverentia
1090 726 1161 788 erga
1188 713 1324 767 vestram
1420 755 1421 800 t

202 814 398 894 dignitatem,
434 813 513 869 sieut
541 810 637 869 debeo
664 810 799 868 scribens
827 807 866 866 ad
893 817 1025 868 vestram
1054 805 1326 888 magistralitatem.‘
1420 867 1421 882 χ

201 907 395 974 Venerabilis
423 907 559 968 Domine
587 907 751 988 Magister,
788 905 888 966 sciatis
915 906 998 986 quod
1025 916 1070 966 est
1089 927 1152 967 una
1179 901 1324 965 notabilis

202 1010 357 1091 quaestio,
386 1028 478 1088 quam
499 1016 571 1087 peto
592 1027 644 1086 seu
667 1026 742 1087 rogo
763 1004 961 1065 determinari
982 1025 1000 1064 a
1019 1015 1120 1066 vestra
1140 999 1323 1082 magistrali·

49 1142 54 1150 ·
154 1142 157 1151 =
200 1118 271 1170 tatc.
311 1107 365 1167 Est
384 1107 437 1167 hic
457 1128 537 1166 unus
558 1105 708 1180 Graecus,
742 1103 796 1184 qui
817 1103 946 1164 resumit
965 1103 1202 1164 Grammaticam
1220 1099 1323 1162 Urba-

200 1205 251 1280 ni,
272 1215 302 1266 et
323 1206 444 1286 quando
467 1203 571 1264 scribit
592 1204 770 1276 Graecum,
790 1209 864 1262 tunc
885 1223 1006 1283 semper
1026 1203 1116 1283 ponit
1135 1201 1250 1262 titellos
1270 1221 1323 1258 su-

200 1305 314 1387 perius.
356 1307 554 1384 Quapropter
575 1322 629 1380 ego
650 1302 716 1362 dixi
736 1321 854 1383 nuper,
881 1311 984 1361 tamen
1005 1301 1150 1382 Magister
1170 1299 1323 1360 Ortninus

200 1403 389 1466 Darentriae
410 1403 501 1461 etiam
522 1401 703 1482 practicavit
722 1400 959 1460 Grammaticam
982 1399 1146 1474 Graecam,
1177 1405 1209 1458 et
1228 1398 1322 1460 etiam

202 1513 247 1563 est
264 1501 415 1563 sufficiens
434 1501 576 1560 itabens
595 1498 766 1574 sicutille,
805 1507 1015 1580 et‘nunquam
1034 1499 1155 1581 scripsit
1175 1499 1218 1557 ita
1238 1497 1322 1556 titel-

164 1667 167 1680 ,
200 1603 263 1676 los,
285 1609 316 1659 et
337 1620 392 1680 ego
414 1599 522 1666 credo,
546 1599 629 1678 quod
647 1599 692 1657 ita
713 1599 793 1658 bene
813 1599 959 1679 iutelligit
979 1600 1058 1659 facta
1078 1619 1142 1672 sua,
1164 1599 1242 1656 sient
1256 1595 1321 1668 ille,

125 1725 129 1728 ·
202 1711 233 1761 ct
252 1698 353 1759 adhuc
374 1707 474 1779 posset
494 1700 649 1778 corrigere
666 1696 761 1757 istum
783 1681 955 1765 Graecum,
982 1698 1035 1758 sed
1054 1697 1109 1757 alii
1129 1717 1192 1756 non
1211 1695 1322 1756 volae-

201 1807 276 1860 runt
293 1797 435 1872 credere,
456 1806 486 1856 et
506 1797 583 1856 socii
604 1795 665 1854 mei
686 1817 721 1855 ac
742 1806 912 1857 constantes
930 1795 1124 1878 petiverunt,
1151 1795 1234 1875 qaod
1254 1794 1323 1854 vel-

80 1966 85 1974 ,
125 1891 145 1932 Ὗ
200 1900 263 1959 lem
282 1896 415 1956 scribere
428 1898 467 1956 ad
488 1887 727 1955 dominationem
750 1905 892 1968 vestram,
913 1895 996 1976 quod
1016 1893 1213 1954 notificaretis
1232 1893 1322 1966 mibi,

201 1994 355 2078 quomodo
375 2004 440 2068 est,
476 2016 515 2054 an
537 1995 682 2055 debemus
702 2015 820 2075 ponere
840 1996 972 2069 titellos,
1006 2017 1046 2054 an
1066 2014 1139 2056 non.
1200 1993 1323 2053 Sinon

201 2095 346 2156 debemus
366 2113 497 2174 ponere,
518 2102 607 2167 tunc,
627 2115 684 2174 per
702 2097 803 2168 Deos,
834 2095 961 2155 realiter
980 2095 1125 2154 volamus
1146 2113 1260 2153 vexare
1280 2091 1323 2152 il-

200 2194 267 2254 lum
287 2195 455 2266 Graccum,
485 2202 516 2252 et
536 2194 680 2254 volumus
701 2193 819 2266 facere,
854 2194 937 2273 qaod
958 2193 1048 2252 debet
1067 2213 1181 2274 paucos
1200 2192 1323 2260 audito-

197 2273 251 2354 res
268 2293 390 2352 habere.
430 2291 495 2372 Ego
516 2291 594 2352 bene
615 2293 682 2351 vidi
702 2293 849 2352 de-vobis
869 2292 1034 2365 Coloniae,
1071 2292 1106 2350 in
1126 2292 1218 2350 domo
1230 2294 1321 2362 Herr-

202 2395 263 2452 riei
286 2373 444 2470 Quentel,
466 2391 589 2470 quando
611 2390 713 2450 fuistis
735 2391 913 2466 Corrector,
953 2402 983 2450 et
1003 2391 1148 2451 debuistis
1167 2391 1323 2471 corrigere

202 2493 372 2565 Graecum,
413 2499 487 2550 tuuc
507 2490 675 2550 abscidistis
697 2511 802 2550 omnes
834 2491 964 2565 titcllos,
1006 2491 1060 2570 qui
1081 2483 1211 2550 fuerunt
1229 2511 1324 2570 supra

200 2591 315 2663 literis,-
336 2599 367 2649 et
386 2589 520 2650 dixistis:
562 2589 648 2666 Quid
675 2589 786 2650 debent
811 2589 885 2660 illae
912 2588 1080 2650 stultitiae?
1118 2589 1159 2650 Et
1188 2591 1232 2648 ita
1258 2589 1323 2670 jam

201 2688 408 2761 consideravi,
431 2688 515 2769 quod
528 2674 584 2747 vos
607 2688 721 2748 hebetis
742 2689 874 2769 aliquem
895 2690 1065 2764 rationem,
1091 2688 1163 2748 alias
1185 2707 1250 2747 non
1271 2689 1324 2748 fe·

201 2789 324 2846 cissetis.
365 2788 431 2846 Vos
450 2785 521 2846 estis
543 2788 692 2846 mirabilis
714 2787 825 2862 homo,
859 2777 890 2848 et
909 2791 995 2849 Deus
1011 2789 1107 2849 ‘dedit
1127 2787 1214 2849 vobis
1235 2807 1323 2868 mag-

200 2907 274 2975 nam
293 2886 437 2966 gratiam,
458 2885 542 2964 quod
562 2887 644 2946 scitis
661 2885 779 2966 aliquid
799 2886 834 2946 in
854 2887 940 2948 omni
960 2887 1069 2948 scibili.
1123 2889 1323 2968 Quapropter

151 3035 156 3042 ,
201 2985 322 3045 debetis·
344 2985 435 3044 etiam
459 2983 586 3044 laudare
606 2985 777 3046 Dominum
807 2987 909 3046 Deum
936 2986 970 3047 in
990 2986 1100 3047 vestris
1127 2987 1252 3060 metris,
1275 2996 1322 3046 *et

121 3074 128 3081 ⁸
199 3087 318 3146 beatam
340 3083 514 3163 virginem,
541 3094 572 3143 et
592 3103 696 3144 omnes
715 3096 833 3146 sanctos
854 3081 923 3146 Dei.
987 3087 1047 3146 Sed
1067 3107 1131 3146 non
1152 3085 1321 3146 habueritis

200 3183 279 3244 mihi
298 3202 357 3262 pro
377 3183 534 3257 molestia,
562 3185 645 3262 quod
664 3185 800 3267 impedio
826 3197 958 3247 vestram
987 3185 1229 3246 dominationem
1250 3205 1320 3244 cum

200 3283 266 3343 istis
284 3281 526 3363 quaestionibus,
543 3283 616 3363 quia
636 3283 815 3347 faciotalia
835 3305 924 3346 causa
943 3285 1180 3346 informationis
1201 3285 1319 3346 Valets.

199 3385 249 3444 Ex
269 3383 430 3465 Lyptziolu

328 3613 343 3666 ,“
364 3603 412 3662 M.
426 3605 542 3663 Petrus
564 3603 860 3682 Hofenmrrsr'us‘tld.
876 3603 1009 3662 Ortur'no
1031 3603 1154 3666 Gratia.

281 3751 416 3816 Salutem
439 3753 704 3830 innumerabilem.
745 3753 940 3824 Venerabilis
961 3753 1097 3818 Domine
1109 3752 1275 3834 Magister,
1294 3753 1320 3810 si

108 3841 110 3854 ¹
198 3851 344 3912 haberem
365 3852 512 3932 pecunias
537 3862 574 3922 ct,
585 3854 784 3928 substantiam
811 3875 968 3939 magnam,
1005 3863 1080 3914 tunc
1103 3854 1220 3920 ¹vellem
1248 3856 1319 3912 dare

197 3951 285 4010 vobis
306 3971 399 4034 uuam
419 3950 585 4012 notabilem
605 3954 784 4033 propinem,
807 3953 936 4014 credatis
955 3953 1035 4013 milri
1056 3951 1204 4013 firmiter:
1236 3949 1319 4031 quod

197 4049 322 4109 solvatis
342 4049 422 4122 milri
440 4051 530 4110 istam
550 4052 773 4132 quaestionem,
794 4073 886 4131 qnam
906 4072 1057 4133 propono.
1097 4050 1158 4110 Sed
1178 4050 1251 4130 quia
1261 4063 1319 4128 pro

196 4169 281 4208 nnnc
300 4169 364 4208 non
386 4149 484 4209 habeo
510 4150 603 4212 bores
635 4159 666 4211 et
696 4171 769 4212 oves
780 4196 790 4227 ,
824 4152 968 4213 universa
996 4154 1125 4231 insuper·
1157 4159 1318 4229 et=pecora

198 4247 314 4327 campi,
350 4247 404 4308 aed
424 4270 492 4310 sum
518 4271 651 4330 pauper,
687 4260 851 4332 propterea
872 4273 934 4312 non
957 4271 1080 4332 possum
1101 4248 1186 4309 vobis
1208 4233 1319 4326 apprsL
