2840 4718
359 332 891 398 Antinoum·
1151 327 1215 396 449

82 490 203 554 miscui.
264 483 345 554 Tam
365 490 550 572 Imperator,
582 509 756 570 quanquam
777 482 1027 569 aliquantenus
1044 488 1213 550 admodum

83 592 201 651 amicus
221 589 332 666 Gallo,
351 600 453 652 tamen
473 587 547 670 quia
574 607 639 654 nou
667 598 732 652 erat
751 588 811 648 alia
831 607 915 668 spes,
941 609 960 648 a
978 589 1108 650 Venetis
1126 590 1213 652 reei-
1274 623 1275 626 ¹
1309 621 1316 633 ·

50 703 60 745 t
82 691 190 772 pie'ndi
200 733 209 764 ,
225 709 304 770 quae
322 690 469 750 tenebant
495 687 663 766 (tenebant
686 697 788 750 autem
809 687 901 748 urbes
917 687 1033 767 aliquot
1052 687 1213 770 egregias),

82 810 141 871 pro
157 801 299 869 tempore
320 810 353 851 se
373 787 448 850 huic
469 786 551 849 bello
571 786 721 865 adjunxit.
770 785 910 860 Deinde,
944 805 1040 866 quum
1059 807 1125 848 nou
1144 790 1215 870 pla·
1275 856 1279 870 ‚

83 899 182 962 neret,
212 885 322 951 Gallos
344 887 584 967 supermodum
607 905 743 946 crescere
769 886 834 962 (res
855 885 940 946 enim
960 897 1145 948 successerat
1165 889 1215 949 fe-

6 1059 7 1062 ,
83 987 174 1046 licius
195 1007 287 1068 quam
308 981 478 1062 volebam),
499 986 637 1065 primum
656 985 879 1065 Hispaniarum
906 1006 1011 1066 regem
1030 985 1067 1046 in
1086 1007 1138 1047 eos
1157 1008 1216 1048 ex-

6 1145 7 1164 ,
82 1087 246 1154 timulavi‚
279 1087 422 1166 primum⁴
438 1084 617 1158 bominem,
653 1103 717 1144 uon
738 1083 813 1144 fidei
837 1084 1083 1159 adamantinae,
1102 1087 1216 1148 deinde

83 1185 172 1267 cujus
199 1205 386 1266 magnopere
411 1183 582 1259 referebat,
604 1191 761 1264 utcunque
787 1185 889 1264 premi
915 1184 1080 1249 Gallorum
1104 1199 1217 1267 poten·-
1302 1194 1309 1208 '

6 1333 7 1366 ,
84 1287 176 1360 tiam,
197 1307 268 1346 cum
289 1285 329 1344 ob
349 1283 410 1358 alia
422 1283 542 1356 multa,
571 1291 674 1361 tpmen
695 1283 876 1364 praecipue,
896 1303 937 1344 ue
957 1283 1080 1364 quando
1101 1284 1217 1346 dition-

6 1445 7 1448 ,
84 1407 126 1447 ne
146 1385 353 1464 Neapolitana
368 1381 594 1444 excluderetur.
656 1381 706 1442 Ad
724 1383 800 1442 lraec
832 1385 982 1457 Venetos,
1011 1384 1131 1444 tametsi
1151 1403 1218 1444 nou

84 1486 267 1566 probarem,
297 1481 375 1570 ¹ficte
401 1491 504 1541 tamen
533 1480 568 1540 in
587 1481 715 1560 gratiam
736 1483 857 1562 recepi,
887 1489 924 1540 ut
941 1479 1000 1542 laos
1018 1502 1143 1563 quoque
1165 1505 1218 1546 re-

86 1583 185 1642 centis
206 1581 301 1642 eladis
320 1581 428 1642 dolore
452 1580 646 1662 exacerbatos
666 1582 700 1638 in
716 1579 822 1640 Gallos
842 1579 1039 1642 immitterem.
1078 1583 1218 1646 Rursum

6 1735 7 1742 ,
84 1683 326 1762 imperatorem,
362 1699 455 1759 quem
482 1679 576 1758 paulo
603 1687 673 1738 ante
693 1698 764 1738 cum
787 1679 885 1738 Gallis
904 1678 1144 1760 conjunxeram,
1178 1684 1217 1744 ab
1241 1702 1243 1706 ·

85 1782 150 1842 illis
171 1779 319 1846 distraxi,
350 1778 445 1858 idque
464 1779 645 1856 praesertim
666 1777 823 1858 pecuniis,
856 1797 934 1857 quae
955 1779 1039 1860 apud
1056 1780 1218 1844 hominem

6 1867 7 1870 Ἴ
87 1884 228 1962 egentem
248 1897 370 1957 semper
387 1876 496 1936 calent
515 1876 698 1956 plurimum,
716 1866 829 1956 partim
843 1876 942 1938 literis
964 1890 996 1939 et
1013 1880 1142 1956 nuntiis,
1164 1903 1218 1944 re-

85 1958 201 2042 norito
223 1978 324 2040 veteri
343 1977 378 2038 in
399 1977 506 2037 Gallos
526 1975 597 2036 odio
608 2016 618 2048 ,
656 1995 717 2055 quo
742 1975 794 2036 vir
810 1969 868 2036 'ille
887 1978 1004 2040 mirum
1023 1999 1116 2058 quam
1135 2002 1219 2042 seme

86 2101 145 2161 per
165 2077 321 2158 flagrarit,
362 2075 455 2136 etiam
476 2075 504 2136 ri
523 2076 628 2136 deerat
657 2073 825 2146 ulciscendi
845 2077 1000 2156 facultas„
1022 2081 1089 2140 lam
1108 2080 1219 2162 Anglit

87 2179 220 2238 sciebam
241 2176 382 2258 genuino
398 2175 471 2236 odio
490 2195 555 2236 esse
575 2173 738 2232 Gallorum
758 2185 891 2254 gentem,
912 2186 943 2236 ct
960 2178 1003 2245 ἰή
1017 2177 1056 2238 iis
1068 2178 1219 2259 conjunc-

88 2279 223 2338 tissimos
246 2279 359 2336 Scotos.
400 2274 450 2335 Ad
469 2274 545 2334 haee
566 2272 774 2352 intelligebam
794 2275 950 2334 nationem
970 2276 1165 2356 perferooem
1187 2288 1219 2340 et

86 2379 164 2440 belli
186 2374 346 2457 cupidam,
389 2372 485 2453 idque
511 2371 704 2454 potissimum
733 2373 904 2452 praedandi
929 2395 999 2454 spe,
1038 2377 1219 2438 tumeliam

87 2476 331 2558 superstitiosam
345 2472 581 2554 aliquantulum,
602 2471 685 2551 quod
696 2471 872 2550 longissime
883 2472 961 2534 absit
973 2473 1108 2534 alterna.
1127 2475 1219 2539 Post·

86 2597 176 2637 remo
197 2575 233 2634 id
261 2573 424 2655 temporie¹
446 2592 530 2634 nova
546 2569 801 2650 libertate,(qnae
822 2571 946 2632 tandem
965 2571 1029 2634 illia
1049 2585 1149 2636 mone
1167 2557 1220 2636 ης

87 2677 132 2758 gia
155 2674 295 2734 omnium
332 2671 521 2757 severissimi
551 2668 735 2750 contigerat)
760 2670 926 2734 insolentes
946 2692 982 2732 ac
1000 2676 1219 2752 penetumul-

13 2819 15 2826 ›
87 2784 228 2847 tuentes,
250 2779 285 2832 ut
304 2771 397 2831 facile
416 2771 477 2851 jam
498 2778 622 2850 possent
640 2767 680 2828 ad
698 2769 837 2849 quamvis
857 2769 1010 2832 insaniam
1029 2773 1219 2852 extimulari,

90 2873 237 2956 quodque
257 2871 390 2932 maxime
411 2869 563 2932 volebam.
617 2867 753 2930 Accessit
770 2869 810 2928 ad
831 2871 1093 2950 opportunitatem
1112 2891 1220 2934 rerum

87 2991 232 3034 mearunt
259 2991 317 3031 rex
336 2970 502 3030 admodum
521 2968 714 3042 adolescens,
751 2969 801 3029 vel
816 2989 896 3050 puer
916 2972 1035 3052 potius,
1067 2982 1099 3032 et
1117 2991 1220 3056 nuper

87 3090 187 3150 regno
207 3072 334 3150 potitus,
355 3067 482 3150 ingenio
503 3066 568 3128 aori
588 3066 757 3148 rividoque
777 3088 812 3130 ae
832 3089 907 3130 rere
924 3068 1068 3150 juvenili,
1089 3069 1150 3132 boc
1164 3083 1219 3144 est,

86 3168 232 3250 inquieto
254 3175 285 3228 et
303 3167 466 3242 bellicoso,
499 3187 559 3227 nee
579 3175 678 3226 aetate
696 3177 817 3228 tantum
837 3167 1031 3243 ambitiosus,
1060 3177 1091 3229 et
1111 3170 1150 3230 ad
1170 3192 1220 3234 rer

88 3289 155 3334 non
175 3267 346 3328 mediocres
367 3276 496 3328 erectus.
536 3265 601 3346 Qui
617 3264 680 3345 jam
701 3275 767 3326 tum
780 3287 799 3326 a
811 3267 1030 3347 primicerius
1049 3267 1113 3330 huc
1131 3288 1220 3349 spec·

86 3382 168 3434 tasse
188 3367 363 3440 dicebatur,
383 3374 420 3426 ut
439 3364 546 3425 Gallos
564 3365 740 3426 adoriretur
758 3365 861 3426 ermis.
921 3365 1149 3446 superomnia
1170 3369 1222 3430 af-

87 3467 161 3528 finis
179 3478 246 3527 erat
261 3464 401 3546 Hispano
421 3464 504 3545 regi,
540 3483 641 3552 quem*
652 3463 715 3542 jam
734 3463 775 3522 ad
795 3483 882 3524 arma
900 3473 1064 3526 traxeram
1124 3466 1221 3547 Hisce

89 3567 186 3630 rebus
203 3565 347 3626 omnibus
365 3584 439 3626 usus
455 3583 524 3624 sum
545 3562 585 3622 ad
605 3561 749 3622 ecclesiae
767 3563 1024 3638 commoditatem,
1045 3583 1224 3628 araucen—

87 3663 131 3726 tis
151 3662 272 3734 literis,
294 3681 357 3724 non
377 3663 489 3744 absque
507 3660 632 3741 ingenio
651 3659 774 3744 scriptiis
780 3662 935 3736 ,tandem
955 3661 1078 3726 involvi
1095 3663 1224 3726 Princi-

84 3773 146 3852 pe's
166 3763 251 3822 bello
272 3765 411 3824 omnium
431 3758 620 3844 gravissimo.
675 3760 792 3838 Neque
821 3771 898 3823 vero
925 3763 1101 3843 quenquam
1120 3774 1223 3827 caete-

88 3881 201 3922 rorum
220 3863 405 3924 intentatum
415 3861 545 3940 reliqui,
567 3877 667 3938 neque
679 3879 783 3940 regem
790 3861 1021 3942 Hungarornm,
1041 3881 1144 3944 neque
1153 3864 1223 3927 Lu·

89 3959 225 4028 sitense,
243 3971 346 4040 neque
367 3958 625 4042 Burgundionum
650 3959 772 4040 regibus
791 3981 899 4040 parem
919 3961 1040 4022 ducem.
1102 3946 1223 4024 Verum

90 4058 167 4138 quia
187 4057 229 4118 ad
247 4057 306 4118 hoa
331 4059 414 4119 nihil
431 4043 544 4120 irarum
566 4049 672 4118 rerum
693 4058 850 4135 attinebat,
869 4060 1045 4141 perpellere
1065 4079 1130 4122 non
1152 4063 1225 4142 qui·-

87 4156 143 4232 vi,
164 4166 196 4222 et
215 4157 365 4232 sciebam,
394 4157 445 4218 hir
463 4156 722 4218 tumulnmntibus
742 4159 901 4220 nemiuem
921 4143 1115 4222 caeterdrum
1132 4161 1227 4240 ,quia

88 4267 208 4320 narum
231 4256 391 4338 Hiigitur,
407 4276 504 4340 quum
522 4274 579 4330 suo
600 4276 720 4320 morem
741 4269 885 4340 gererent
904 4259 1025 4333 animo,
1045 4268 1149 4340 tamea
1165 4259 1226 4322 ho-

978 4353 1021 4422 29
