2896 4716
382 346 659 407 OBSGUR.
699 348 927 458 vlnon.
1153 345 1213 411 261
1308 338 1314 352 Χ

88 506 180 567 etiam
196 503 348 566 vellemus
367 443 551 562 concludere
581 512 687 564 contra
708 451 876 586 Speculum
896 502 1035 575 oculare,
1071 511 1145 564 truie
1166 502 1214 564 illi
1302 495 1306 504 ‘

87 607 225 677 novelli,
247 603 301 684 qui
322 622 386 661 ιιοιι
409 611 480 660 sunt
501 601 602 661 adhuc
622 601 694 662 sutis
708 601 951 684 experimentali,
973 611 1138 664 tenuerunt
1157 623 1214 684 op-

85 705 224 788 positum
245 697 379 782 antiquis
398 700 478 772 illis,
520 701 672 775 dicentes,
711 701 794 781 quod
814 701 969 764 Reuebliu
991 713 1036 760 est
1057 702 1213 772 innocens,

87 814 118 864 et
136 822 298 881 nunqnam
319 795 441 878 scripsit
459 797 577 877 aliquid
600 800 638 859 ad
658 793 856 862 haereticum.
914 801 956 861 Et
981 801 1025 858 sic
1045 824 1140 882 usque
1160 803 1215 862 ad·
1268 821 1271 834 ·

85 903 148 962 lsuc
168 900 410 980 impediverunt.
436 897 581 986 Messio,
601 899 676 978 quid
689 899 749 958 'liet
768 908 880 978 postea.
921 900 986 978 Ego
1009 901 1110 984 credo,
1132 902 1220 981 quod.

86 999 280 1060 Universitas
310 997 412 1057 adhuc
427 995 549 1056 'scribit
574 1009 702 1078 propter
727 997 798 1057 illos
826 989 952 1080 l'oetm,
988 1000 1043 1078 qui
1073 1009 1144 1061 sunt
1172 1001 1215 1060 ita
1267 1049 1271 1067 ,
1332 1031 1335 1038 ·

86 1096 198 1169 multi,
220 1096 303 1182 quod
324 1104 368 1154 est
388 1095 511 1155 mirum.
552 1095 593 1156 Et
612 1095 736 1155 noviter
753 1097 880 1157 advenit
892 1117 972 1156 unus
987 1097 1064 1172 huc,
1086 1097 1140 1178 qui
1154 1117 1214 1160 vo-

87 1209 198 1258 cantur
220 1185 337 1254 Petrus
357 1197 587 1270 Mossellcous,
606 1196 660 1276 qni
681 1205 726 1256 est
748 1196 892 1256 Graecus.
933 1197 972 1255 Et
991 1197 1073 1257 alius.
1092 1208 1136 1258 est
1151 1198 1217 1274 bic,
1294 1222 1297 1228 ·

87 1295 141 1374 qni
161 1294 257 1352 etiam
278 1293 351 1370 legit
370 1293 404 1352 in
428 1291 562 1369 Graeco,
598 1305 724 1355 vocatus
744 1295 1044 1363 RicardusOroeus,
1080 1306 1110 1356 et
1128 1297 1215 1358 venit

87 1415 126 1452 ex
145 1392 270 1472 Anglia.
318 1393 383 1470 Ego
405 1392 471 1451 dixi
492 1413 606 1474 nuper:
648 1394 804 1468 diabolus,
830 1393 917 1454 venit
934 1393 995 1452 iste
1017 1417 1057 1454 ex
1075 1396 1213 1478 Anglial

85 1493 149 1570 Ego
173 1489 267 1550 credo
288 1489 387 1569 quod,
426 1491 453 1548 si
484 1499 560 1552 esset
591 1513 672 1552 nnus
690 1493 785 1552 Poeta
810 1492 870 1567 ibi,
911 1493 966 1552 ubi
985 1494 1075 1575 piper
1095 1497 1212 1570 crescit,
1258 1565 1261 1570 Δ

84 1586 151 1668 ipie
174 1587 266 1648 etiam
287 1587 409 1648 veniret
428 1588 578 1670 Liptsiok.
628 1592 667 1650 Et
688 1611 759 1672 ergo
779 1589 920 1670 Magistri
939 1592 1053 1654 habent
1072 1596 1115 1653 ita
1135 1615 1212 1675 peu-

85 1707 135 1744 eos
155 1684 353 1758 domicellos,
390 1685 474 1764 quod
496 1699 541 1754 est
566 1690 752 1749 scandalum.
815 1690 856 1750 Et
876 1709 931 1769 ego
951 1695 1079 1753 recordo
1101 1695 1211 1767 adbuc,
1245 1738 1250 1752 .

84 1783 184 1863 quod,
206 1783 329 1862 qnando
352 1803 432 1842 uuus
452 1785 597 1864 Magister
618 1785 677 1847 ivit
696 1785 771 1845 olim
792 1789 832 1846 ad
845 1789 999 1860 balneum,
1019 1792 1084 1876 ipse
1104 1793 1211 1855 habuit

83 1883 190 1961 plnres
212 1879 389 1940 domicellos
408 1892 492 1939 retro
515 1903 563 1958 se,
585 1904 675 1963 quom
695 1904 778 1944 nunc
798 1885 832 1944 in
853 1886 959 1948 diebus
978 1889 1080 1965 lestis,
1111 1914 1210 1973 quen·

84 1981 124 2037 do
145 1978 267 2038 vadunt
293 1979 332 2038 ad
357 1979 534 2040 Ecclesiam.
598 1983 763 2062 Supposita
789 1983 881 2044 etiam
907 1986 1142 2058 tunctfnerunt
1166 1991 1210 2050 ita

84 2077 226 2150 discreti,
259 2077 472 2154 sicthngeli.
540 2079 602 2154 Sed
627 2099 710 2140 nunc
730 2092 860 2142 currunt
879 2081 1060 2161 hincinde,
1094 2097 1124 2146 et
1145 2109 1208 2148 non

83 2186 194 2236 curant
215 2175 334 2256 aliquid
355 2175 536 2254 Magistros,
558 2187 588 2238 et
608 2179 718 2238 volunt
740 2197 846 2239 omnes
866 2191 946 2241 stare
965 2184 999 2242 in
1021 2185 1157 2258 civitate,
1178 2197 1209 2245 et

82 2275 244 2334 comedere
275 2283 361 2335 extra
392 2274 589 2354 Collegium,
633 2286 664 2336 et
683 2276 824 2356 Magistri
849 2277 963 2339 babent
984 2283 1074 2344 valde
1095 2305 1207 2362 paucos

82 2372 309 2434 commensales.
374 2372 451 2434 Item
479 2374 514 2435 iu
540 2376 684 2453 proxima
709 2376 904 2454 promotione
924 2379 1207 2461 fueruntpromoti

80 2487 201 2536 tantum
222 2472 327 2536 decem
340 2471 543 2535 Baeculaurii.
583 2475 624 2533 Et
643 2473 765 2553 qnando
784 2473 948 2536 habuimus
971 2499 1110 2554 examen,
1132 2490 1206 2540 tunc

79 2579 292 2634 tractaverunt
309 2571 464 2650 Magistri,
487 2572 568 2650 quod
588 2572 699 2633 volunt
720 2571 840 2649 aliquos
861 2573 997 2654 rejicere.
1038 2579 1128 2638 Tunc
1148 2600 1203 2659 ego

81 2672 164 2734 dixi:
207 2671 297 2730 nullo
326 2671 430 2747 inod03
472 2671 588 2750 quiesi
608 2659 732 2751 rejicitis
752 2692 865 2742 unum,
905 2685 980 2734 tnnc
998 2687 1103 2755 postea
1130 2677 1205 2748 nul-

80 2773 126 2832 lus
147 2769 276 2830 intrabit
294 2769 425 2850 amplius
445 2787 589 2844 examen,
610 2771 662 2832 vel
679 2771 813 2832 studebit
831 2792 890 2853 pro
911 2775 1022 2854 gradu,
1042 2777 1095 2836 sed
1113 2776 1204 2838 ibunt

80 2871 117 2930 ad
138 2872 267 2963 Poetae,
291 2879 322 2930 et
340 2870 382 2929 sic
402 2869 644 2950 dispensavimus
664 2890 734 2930 cum
742 2870 830 2954 ipsis.
889 2871 940 2932 Fit
958 2885 1059 2935 autem
1080 2875 1203 2958 dispeu·

79 2970 155 3030 satio
176 2969 212 3028 in
233 2968 339 3030 tribus.
403 2968 571 3034 Primum
561 2989 595 3029 ιιι
616 2979 725 3032 aetate.
760 2971 833 3052 quia
851 2983 988 3052 oportet,
1009 2976 1092 3056 quod
1110 2997 1201 3052 unns,
1252 3035 1254 3042 ,
1293 3001 1295 3012 “

80 3070 132 3148 qui
153 3067 224 3130 vult
248 3067 427 3147 promoveri
453 3067 487 3126 iu
511 3066 765 3138 Bacculaurium,
808 3068 848 3131 sit
866 3072 905 3131 ad
927 3073 1029 3135 minus
1047 3075 1200 3151 sexdecim

79 3185 248 3239 annorum,
268 3166 301 3225 iu
322 3165 503 3244 Magistrum
522 3177 624 3227 autem
645 3166 764 3248 viginti.
806 3169 839 3230 Si
860 3191 923 3230 uou
943 3181 1014 3231 snut
1033 3185 1135 3240 autem
1150 3195 1199 3234 se·
1262 3219 1263 3226 ι

78 3267 115 3327 tis
137 3286 244 3340 senes,
264 3274 339 3329 tunc
358 3264 549 3348 dispensatur
569 3286 638 3325 cum
658 3268 711 3329 eis.
751 3269 892 3329 Secundo
911 3269 947 3330 fit
968 3271 1150 3351 dispensatio
1163 3272 1198 3332 iu

78 3365 232 3426 moribus:
272 3362 342 3443 quia
359 3366 482 3444 quaudo
502 3365 658 3450 supposita
678 3386 742 3430 ιιοιι
767 3363 975 3452 exbibuerunt
993 3369 1124 3432 debitam
1145 3391 1198 3431 re·
1228 3387 1236 3404 ⁸

76 3463 247 3526 versutiam
269 3463 421 3544 Magistris
442 3475 473 3526 et
493 3466 675 3543 Graduatis,
715 3477 789 3548 tunc
813 3467 1010 3546 rejiciuntur,
1042 3468 1104 3528 nisi
1131 3489 1198 3532 me*

77 3565 182 3624 diante
200 3562 424 3644 dispensatione
443 3564 565 3625 admissi
584 3566 720 3631 fuerunt.
760 3567 800 3628 Et
818 3586 889 3641 cum
911 3567 970 3626 boc
985 3567 1196 3647 quaeritanda

77 3663 268 3736 excessibus,
301 3662 416 3724 scilicet
442 3663 468 3722 si
491 3665 646 3726 luerunt
636 3687 670 3726 ιιι
689 3664 839 3746 plateis
816 3686 882 3726 sme
903 3666 1103 3740 discretione,
1142 3669 1195 3730 vel

76 3739 207 3834 suerunt
224 3763 306 3844 apud
328 3763 518 3838 meretrices,
550 3767 603 3826 vel
624 3775 824 3845 portaverunt
842 3785 946 3840 arma,
980 3768 1031 3828 vel
1050 3741 1195 3830 sicdata-
1284 3833 1287 3840 ,

76 3872 151 3922 runt
170 3879 269 3923 unum
289 3863 470 3943 Magistrum
489 3863 540 3923 vel
560 3865 789 3944 Presbyterum,
832 3865 885 3926 vel
908 3865 1049 3927 fecerunt
1076 3869 1194 3928 tumul

75 3971 141 4020 tum
162 3961 196 4022 in
216 3961 367 4024 Lectoriis
386 3965 438 4024 vel
458 3961 608 4044 collegiis.
668 3963 775 4024 Tertio
798 3962 833 4032 fit
853 3963 1036 4046 dispensatio
1063 3966 1098 4026 in
1116 3967 1201 4028 orti?

73 4054 151 4136 bus,
170 4063 294 4142 qnando
318 4083 381 4124 uon
400 4071 470 4124 snut
490 4063 568 4130 bene
587 4062 734 4124 habituali
755 4062 790 4124 in
810 4064 958 4142 scientiis,
988 4076 1019 4129 et
1037 4087 1101 4128 non
1120 4068 1192 4129 satis
1239 4062 1247 4070 ’

74 4159 316 4240 compleverunt.
358 4163 487 4242 *Nuper
506 4147 540 4222 in
555 4163 700 4222 examine
721 4165 856 4242 quaesivi
877 4187 991 4227 unum:
1034 4165 1083 4225 dic
1103 4167 1191 4243 mibi,

74 4261 229 4338 quomodo
258 4272 361 4324 tamen
388 4260 491 4336 venit,
525 4262 607 4343 quod
631 4272 666 4334 tu
692 4263 771 4326 nibil
792 4265 980 4350 respondes?
1021 4265 1190 4346 Diutius,
1232 4339 1234 4343 ι
1260 4287 1263 4296 ’
1333 4271 1337 4279 ”
