2866 4724
167 229 266 327 ιιι
478 201 995 322 'urlsronue'
1072 333 1074 340 Ι

169 413 254 491 tntis,
275 425 349 477 tunc
369 429 418 498 res
437 415 517 475 bene
536 412 626 474 stabit
647 407 716 474 cuin
738 410 821 493 ipsis.
884 410 946 472 Vel
971 409 1000 472 ιι
1025 401 1133 472 saltent
1160 411 1302 493 facerent

171 517 304 597 occulte,
338 517 418 574 sicut
437 514 575 594 ipsorum
595 511 743 588 Priores,
778 511 833 592 qui
850 521 963 572 vocant
983 533 1032 571 eas
1053 513 1092 572 ad
1113 510 1221 589 cellas,
1255 515 1302 574 ibi
1332 563 1337 576 .

170 635 262 674 nemo
287 623 388 694 potest
412 601 527 674 ridere.
588 613 630 686 Et
655 612 699 670 sie
721 611 801 670 bene
822 610 968 672 transiret
987 610 1070 670 hine.
1132 613 1302 674 Manifesta

170 725 273 774 autem
295 711 339 772 sic
359 732 453 794 super
473 733 523 772 eas
541 703 671 785 'cadere,
696 710 875 770 scandalum
898 723 942 770 est
963 709 1022 770 toti
1044 710 1165 770 Ordini.
1226 713 1301 773 ldeo

128 791 134 802 l
170 812 290 874 facistis
311 813 422 872 melius
442 811 481 871 ad
501 807 570 872 hoc.
618 811 691 870 Post
712 811 789 870 lianc
811 808 916 869 omnia
935 810 1018 876 traxi
1038 809 1152 872 iterum
1173 812 1213 872 ad
1236 814 1301 874 Cu-

170 913 267 985 riam,
301 921 331 972 et
352 911 453 972 adhue
474 910 519 970 ibi
539 920 668 991 expecto
688 903 801 992 gratias
814 909 884 972 Dei.
931 909 1050 980 Valere.
1087 899 1215 971 ¹Datum
1234 911 1302 972 Ro'-

171 1033 239 1072 mae
260 1011 295 1071 in
308 1009 488 1073 Refectorio
500 1005 658 1093 Capitolii.

234 1197 350 1261 stater
369 1197 533 1260 Nollerius
553 1194 646 1258 Steclc
661 1193 698 1255 de
721 1193 869 1254 Calabria
887 1196 938 1258 M.
962 1192 1096 1254 Ortnino
1118 1195 1239 1273 Gratia.

169 1293 181 1374 ,¹
252 1313 388 1374 Devotas
412 1297 499 1376 ἰιιιιιι
520 1311 675 1373 orationes
703 1319 775 1390 opto
797 1309 885 1370 vobis
915 1311 985 1370 loeo
1012 1311 1127 1371 salutis.
1188 1311 1304 1372 Excel-

169 1411 266 1472 leutia
286 1422 388 1474 vestra
410 1410 637 1491 Theologicalis
665 1409 739 1483 scit,
778 1411 862 1489 quod
884 1431 939 1489 ego
959 1409 1021 1488 jam
1042 1411 1116 1471 veni
1139 1413 1226 1491 quasi
1244 1409 1303 1492 pe'-

168 1511 310 1590 regrinus
331 1532 372 1572 ex
389 1524 495 1572 monte
518 1510 614 1571 Sinai.
683 1509 815 1570 Nescitis
839 1519 960 1581 tamen,
990 1529 1082 1588 quam
1108 1511 1205 1572 multa
1231 1531 1304 1570 suns

168 1630 274 1690 passus
294 1610 329 1670 in
351 1612 410 1671 hoc
431 1620 585 1691 tempore,
607 1609 731 1690 quando
752 1609 912 1671 avobisa
933 1608 1065 1669 Colonia
1082 1612 1209 1688 recessi,
1227 1611 1303 1670 ion-

168 1723 243 1790 gum
263 1720 358 1786 esset,
379 1710 467 1771 vohis
486 1711 543 1772 illa
563 1709 668 1770 omnia
687 1708 839 1781 scribere,
861 1707 937 1787 quia
958 1709 1064 1770 nullus
1084 1710 1164 1770 nlius
1183 1711 1301 1770 amicus

123 1827 125 1850 ¹
169 1808 248 1871 mihi
262 1819 418 1890 superest,
452 1809 504 1872 oui
523 1793 733 1870 neoeisitatem
753 1827 854 1870 meam
874 1825 1062 1888 conquerar,
1094 1820 1217 1890 praeter
1236 1830 1303 1870 vos.

171 1909 305 1986 Quando
335 1909 454 1989 aliquid
481 1908 551 1983 dico
580 1908 616 1970 ιιι
641 1905 844 1982 monasterio,
884 1915 960 1968 tnnc
987 1907 1089 1968 statim
1115 1909 1303 1989 respondent

169 2005 266 2072 mihi:
308 2027 328 2066 o
343 2018 380 2069 tu
402 2029 467 2070 non
495 2028 527 2068 es
556 2007 627 2068 ideo
648 2007 846 2080 elaustratus,
891 2005 975 2086 quod
994 2007 1091 2068 velles
1111 2006 1226 2069 habere
1245 2008 1305 2068 bo-

170 2123 244 2171 nam
265 2106 371 2170 vitam.
410 2108 485 2170 Non
502 2107 547 2168 sic
567 2105 675 2188 impii,
707 2126 772 2166 non
792 2105 845 2166 sir.
895 2105 961 2183 Ego
980 2125 1045 2166 non
1064 2125 1189 2187 possum
1209 2103 1304 2168 exeoss

170 2204 278 2288 gitare,
299 2191 383 2268 unde
402 2208 528 2276 veniat,
562 2204 624 2265 nisi
646 2226 687 2266 ex
704 2205 760 2266 illa
779 2205 861 2266 mala
882 2203 1026 2278 fortuna,
1050 2207 1135 2286 quod
1155 2207 1304 2288 Magister

171 2315 277 2370 noster
296 2306 423 2368 lacobus
451 2306 490 2370 do
516 2306 725 2386 Hogstraten
735 2304 889 2368 consumit
913 2305 957 2364 ιιι
981 2325 1124 2388 magnam
1151 2327 1304 2410 rumosam

171 2405 378 2488 pecuniaria
400 2405 497 2466 Curia
518 2405 660 2466 Romana
686 2414 816 2487 propter
838 2401 931 2465 fidem
952 2381 1177 2480 Christianam,
1211 2427 1305 2486 qnam

172 2503 228 2564 ille
249 2525 383 2586 nequam
404 2505 529 2568 loannis
543 2504 700 2567 Reuchliu
712 2503 892 2566 destruxit
882 2523 917 2564 tn
936 2523 993 2563 suo
1015 2504 1147 2584 Speculo
1166 2504 1306 2566 Ocularl.
1325 2580 1331 2590 ,

173 2603 239 2684 Ego
262 2606 373 2680 credo,
411 2605 495 2684 quod
524 2606 630 2668 omnia
661 2605 846 2666 monasteria
873 2617 978 2664 nostru
997 2602 1110 2670 debent
1130 2603 1160 2662 ei
1181 2605 1306 2666 mittere

173 2704 354 2785 pecuniam,
385 2705 458 2784 quia
479 2712 600 2784 oportet
622 2724 694 2766 eum
716 2723 780 2762 esse
800 2703 979 2776 liberalem,
1016 2703 1117 2763 dando
1136 2703 1212 2764 hinc
1231 2705 1306 2764 inde

175 2803 391 2870 cardinalibus
410 2803 574 2884 propinas,
610 2813 647 2865 ut
665 2802 804 2883 judicent
831 2824 893 2884 pro
918 2823 951 2862 se
978 2811 1010 2862 et
1030 2821 1093 2862 non
1109 2822 1167 2882 pro
1188 2803 1306 2869 Joaune
1385 2787 1391 2796 ’

174 2901 341 2978 Reuehlin
381 2900 453 2960 Ideo
470 2901 597 2967 Priores
617 2903 718 2964 nostri
738 2902 919 2964 abbreviant
938 2899 1027 2962 nobis
1046 2902 1172 2970 vinum,
1192 2923 1307 2982 quam-

168 3002 223 3064 ‘vis
245 3001 392 3068 Salomon
411 3001 506 3063 dieat:
536 3001 697 3076 ‚,Musioa,
728 3002 858 3076 mulier,
887 3013 918 3066 et
937 3001 1046 3062 viuum
1067 3000 1234 3062 laetificant
1253 3022 1309 3062 eor

175 3079 321 3162 hoininis.
345 3119 370 3162 ι
387 3099 535 3162 Proverb
554 3103 622 3161 12.“
657 3102 697 3164 Et
718 3120 774 3179 ego
796 3121 846 3162 nte
865 3121 988 3181 semper
1007 3121 1136 3162 exerceo
1150 3120 1186 3160 ιιι
1205 3101 1309 3161 Musi—
1334 3103 1337 3114 ’

163 3219 227 3284 ιιι,
249 3197 417 3262 Psalmos
407 3220 442 3258 ιιι
463 3199 558 3262 choro
579 3199 712 3284 lyrapdo
733 3209 764 3259 et
784 3189 951 3273 ululando,
974 3210 1004 3262 et
1023 3199 1082 3260 hoe
1103 3220 1166 3260 non
1189 3210 1234 3260 est
1253 3222 1307 3262 ra-

176 3319 265 3372 rum,
285 3299 357 3362 ideo
378 3319 442 3362 non
464 3300 590 3364 clarum.
631 3299 680 3367 De
695 3298 877 3360 mulieribus
902 3308 950 3358 est.
965 3298 1045 3357 mihi
1062 3300 1322 3378 grave,loquen--.

178 3398 269 3472 dum,
313 3400 387 3478 quia
414 3399 533 3460 nullam
560 3397 671 3472 video,
714 3397 775 3479 nisi
805 3399 927 3478 quando
947 3396 1027 3458 vado
1048 3397 1088 3456 ad
1107 3399 1212 3459 forum
1236 3419 1321 3459 cum·

138 3535 142 3542 ‹
177 3499 384 3562 Procuratore
397 3496 518 3574 nostros,
540 3497 662 3576 quando
684 3497 759 3556 emit
779 3516 846 3558 ova.
905 3496 1006 3558 Etiam
1027 3499 1148 3577 quaudo
1168 3498 1248 3558 vado
1269 3500 1310 3559 nd

178 3597 269 3658 villas
290 3588 555 3678 adcolligendnrn
571 3616 664 3677 >rapas
687 3607 718 3654 et
738 3596 838 3670 olera,
861 3597 955 3658 etsie
976 3615 1049 3658 caro
1070 3617 1120 3658 me
1139 3596 1310 3678 superaret,

166 3683 303 3775 ¹quando
326 3680 422 3768 esseni
453 3696 535 3778 apud
563 3715 657 3770 unam
683 3694 869 3770 foeminam,
912 3687 987 3756 tunc
1007 3696 1074 3776 ipsa
1101 3716 1165 3756 non
1191 3707 1312 3758 teneret

180 3795 269 3859 mihi.
326 3796 366 3859 Et
384 3817 461 3876 ¹ergo
476 3795 599 3875 qnando
619 3815 703 3860 nnuc
724 3794 813 3856 nohis
836 3795 946 3872 tinum
975 3795 1186 3869 abbreviatur,
1211 3797 1312 3876 ⁸quale

4 3930 7 3939 ·
107 3890 109 3894 ’
181 3892 328 3973 gaudium
351 3891 554 3960 habebimus?
596 3895 631 3964 Si
654 3892 790 3956 medium
812 3881 995 3954 haberemus
1014 3894 1057 3954 ita
1077 3894 1208 3968 bonum,
1232 3895 1313 3955 siout

182 3989 237 4054 alii
257 3989 407 4067 Ordines,
450 4005 486 4056 ut
509 3992 686 4056 Sacerdotes
710 3974 870 4054 nobiaciun
896 3993 977 4072 apud
998 3993 1150 4075 Spiritum
1168 4006 1313 4054 sanctum

183 4089 409 4167 professionati,
451 4091 568 4163 Credo,
591 4091 675 4184 quod
696 4091 773 4154 bene
793 4090 911 4165 sciatis,
941 4091 1017 4170 quid
1036 4093 1076 4154 sit
1096 4112 1153 4172 pro
1174 4080 1313 4152 Ordine:

185 4185 244 4264 ipsi
264 4185 379 4246 habent
398 4189 536 4270 duplices
555 4190 638 4252 albas
659 4209 765 4255 cruces
793 4189 827 4252 in
854 4189 975 4266 tunica,
1018 4205 1048 4251 et
1069 4213 1131 4250 non
1158 4201 1232 4251 sunt
1251 4193 1314 4250 alte
