2896 4716
7 306 12 315 ·
87 383 92 388 Ι
162 280 263 364 '216
564 296 964 360 srssrocsn

201 459 340 520 facturus
361 439 414 519 est.
456 449 518 518 Sed
535 460 648 535 postea*
659 455 730 537 plus
750 475 843 538 quam
863 455 898 516 in
917 453 1056 550 ducentis
1078 450 1155 514 locis
1183 464 1214 518 et
1239 455 1334 518 etiam

201 557 235 617 in
256 557 327 627 aliis
345 556 409 617 suis
429 555 516 616 libris
541 556 629 636 prius
649 557 771 638 scriptis
801 567 891 618 vocat
910 558 1059 616 Ioannem
1081 553 1238 615 Reucblin
1259 577 1333 636 pcr-

201 656 309 716 fidum.
372 657 454 736 Ergo
477 655 724 719 manifestissime
745 656 797 716 dat
816 655 1004 735 intelligere,
1030 653 1113 733 quod
1131 674 1195 714 non
1218 655 1334 729 credat,
1440 689 1441 712 t

202 755 295 816 fidem
318 755 515 816 christianam
528 751 604 814 'esse'
622 776 737 817 veram.
793 755 1001 836 despondes,
1044 753 1126 832 quod
1154 755 1210 814 illa
1238 757 1336 816 verba

202 864 275 916 sunt
292 853 461 916 limitanda.
503 855 603 932 Quia,
622 855 744 934 quando
765 854 846 914 dixit
862 853 1078 914 Pfefferkorn:
1098 853 1133 912 Si
1151 853 1227 914 fides
1250 855 1336 914 chri·

202 954 300 1014 stiana
317 963 368 1026 est
386 974 478 1026 vera,
520 954 813 1033 subintelligendum
835 963 896 1027 est,
931 959 963 1012 et
989 951 1145 1012 Reucblin
1172 962 1218 1012 est
1241 974 1335 1015 serus

203 1052 413 1113 Christianus:
435 1051 524 1132 quia,
545 1051 573 1110 si
592 1052 749 1114 Reucblin
772 1053 882 1114 fuisset
903 1072 996 1114 verus
1017 1051 1227 1124 Christianus,
1250 1062 1336 1113 nun*

203 1172 296 1232 quam
318 1151 441 1216 fecisset
458 1161 575 1214 tantam
602 1151 772 1232 perfidiam.
834 1152 897 1214 Vel
920 1149 992 1211 dico
1020 1159 1051 1210 et
1070 1151 1188 1213 melius,
1250 1152 1336 1230 Quia

202 1251 333 1312 Ioannes
348 1248 548 1310 Pfefferkorn
560 1271 618 1330 pro
640 1261 714 1312 tunc
735 1251 779 1310 ita
801 1249 909 1322 sensit,
931 1249 1004 1329 quia
1023 1269 1254 1310 omncasumus
1274 1250 1336 1309 ho-

203 1351 302 1410 mines
323 1359 353 1410 et
372 1349 544 1409 humanum
572 1360 758 1411 est‘errare:
797 1349 852 1408 sed
878 1361 954 1408 tunc
973 1349 1074 1408 statim
1096 1349 1159 1428 fuit
1179 1349 1217 1407 ab
1240 1349 1335 1429 Epis-

203 1457 281 1529 cop'o
302 1448 484 1528 castigatus,
524 1457 554 1508 et
574 1447 728 1527 patienter
748 1448 820 1510 tulit
841 1443 927 1508 illam
948 1449 1189 1521 correctionem,
1214 1448 1335 1508 faciens

201 1547 433 1630 poenitentiam.
475 1547 560 1624 Quia
579 1548 702 1614 scribit,
741 1548 894 1628 quomodo
914 1548 1083 1628 Episcopus
1105 1546 1191 1606 dedit
1217 1547 1247 1606 ci
1269 1549 1335 1606 ala-
1440 1589 1441 1600 ,

202 1669 292 1730 pam,
313 1645 537 1727 quando-dixit
556 1643 613 1706 illa
632 1647 743 1724 verba,
786 1657 816 1708 et
841 1646 885 1712 sic
913 1647 1021 1710 habuit
1050 1646 1139 1707 illam
1166 1646 1334 1709 correctio·
1361 1729 1366 1748 Ι

202 1767 276 1813 nem
295 1767 353 1833 pro
374 1754 499 1832 peccato
522 1765 587 1808 suo.
848 1743 858 1764 ⁶

593 1932 730 2009 Quintus
771 1933 947 1996 Articulus.

285 2036 608 2124 DicitReuchliuista:
623 2046 901 2108 Pfefferkorirfacit
911 2071 943 2108 se
953 2047 1099 2128 majorem
1110 2047 1243 2124 Christo,
1260 2047 1335 2129 quia
1440 2095 1441 2116 ,

202 2147 390 2208 inhoclibro
401 2146 591 2207 sicdicitF..i.
612 2146 1151 2220 SictradiditReucblin‚sicutJudas
1159 2147 1333 2208 Christum:

204 2247 442 2330 etmultopejus,
455 2246 672 2326 quasidiceret‚
686 2244 772 2325 pejus
781 2257 835 2320 est,
843 2247 1131 2326 quodeefferkorn
1139 2247 1268 2306 traditus
1278 2257 1333 2321 est,

204 2369 297 2426 quam
307 2347 545 2428 quodChristus.
565 2345 627 2405 Vel
638 2345 732 2422 magis
749 2347 859 2408 merito
866 2346 1006 2407 Christus
1019 2352 1064 2404 est
1076 2347 1215 2420 traditus,
1237 2367 1333 2426 quam

203 2447 418 2508 Psefferkorn:
455 2445 516 2506 Vel
535 2439 676 2506 Christus
697 2444 820 2524 dignior
841 2446 905 2505 fuit
924 2445 1065 2527 passione
1085 2466 1175 2525 quam
1197 2446 1335 2507 Pfeffer·

203 2544 295 2606 korn.
337 2545 398 2604 Sed
418 2544 492 2604 talia
512 2545 615 2604 dicere
635 2544 802 2625 ita-aperte
824 2553 868 2606 est
887 2544 1091 2618 haereticum,
1118 2545 1201 2625 quod
1222 2544 1335 2624 uliquis

202 2653 305 2724 posset
325 2653 449 2722 tangere
468 2665 540 2704 cum
561 2643 664 2723 digitis
676 2643 747 2702 suis.
769 2643 970 2724 Respondeo,
993 2643 1085 2723 quod,
1105 2635 1227 2723 quaudo
1242 2644 1335 2704 Pter-

203 2743 335 2822 ferkorn
353 2741 400 2800 ibi
421 2742 513 2816 dicit,
537 2742 619 2821 quod
640 2743 679 2802 sit
699 2740 788 2821 pejus,
808 2743 937 2804 traditus
958 2763 1050 2822 quem
1072 2742 1229 2816 Christus,
1264 2743 1334 2804 vult

202 2841 391 2923 intelligere,
413 2841 496 2919 quod
516 2840 673 2901 Reucblin
693 2841 820 2901 tradidit
842 2861 913 2902 eum
936 2842 1068 2902 Caesari.
1110 2843 1171 2902 Sed
1187 2840 1334 2902 Christus

201 2947 322 3002 tantum
343 2939 405 2998 fuit
434 2940 564 2999 traditus
587 2939 702 3015 Scribis
726 2950 757 3000 at
781 2941 1005 3017 Sacerdotibus,
1026 2941 1080 3021 qui
1101 2950 1174 3002 sunt
1195 2941 1334 3002 minores

201 3057 293 3124 quam
314 3038 433 3120 Caesar.
494 3040 534 3099 Et
555 3039 600 3098 sic
630 3039 756 3101 videtur
782 3059 846 3100 csse
872 3039 978 3120 pejus,
1020 3041 1128 3100 idest
1148 3040 1332 3108 terribilius,

202 3137 285 3218 quod
313 3137 424 3222 aliquis
452 3124 583 3199 traditur
611 3139 736 3199 Caesari
775 3159 868 3218 quam
895 3139 1111 3202 Sacerdotibus
1145 3149 1177 3199 st
1205 3138 1333 3215 Scribis,

201 3235 257 3316 qui
276 3256 340 3297 nou
361 3235 477 3320 habent
494 3239 538 3303 ita
558 3259 699 3322 magnam
725 3249 915 3322 potestatem.
1211 3229 1215 3234 ⁸

603 3425 716 3485 Sextus
757 3425 936 3486 Articulum.

282 3536 369 3636 Dicit
396 3539 627 3604 Reucblinista:
666 3541 866 3604 Pfefferkorn
888 3538 1053 3601 committit
1076 3538 1191 3602 iterum
1212 3538 1334 3602 crimen

198 3638 299 3700 laesae
313 3637 491 3717 Maiestatis,
514 3651 545 3702 et
565 3640 625 3702 hoc
646 3638 869 3720 multipliciter.
910 3639 997 3700 Dicit
1017 3640 1101 3701 enim
1123 3640 1162 3700 Os
1179 3638 1201 3699 i.
1225 3660 1334 3716 omncs

83 3780 95 3794 a
200 3739 315 3798 amicos
344 3745 379 3799 ct
399 3739 536 3800 fautores
554 3740 682 3802 Ioannis
704 3738 878 3812 Reucblin,
899 3739 1057 3820 principes
1079 3749 1110 3800 et
1128 3739 1333 3816 aliosssdcctos

200 3847 232 3898 et
252 3838 406 3913 indoctos,
429 3861 559 3920 peccare
576 3841 614 3901 in
633 3841 709 3915 boc,
730 3837 813 3919 quod
833 3838 1111 3900 JoanuiRcucblin
1130 3839 1256 3900 favent:
1277 3837 1333 3898 scd

198 3937 274 3996 tales
297 3939 422 3998 suntin
445 3940 613 4011 Germania
626 3942 707 4001 bane
727 3939 833 3998 decem
853 3937 1029 4020 Principes,
1050 3952 1083 3998 et
1097 3938 1253 3999 Dominus
1266 3937 1332 3998 Im-

198 4047 323 4119 perator
343 4051 423 4112 met,
438 4049 477 4099 et
497 4041 587 4100 multi
604 4039 782 4101 Cardiuales
811 4046 842 4098 et
866 4038 1015 4119 Episcopi
1036 4040 1170 4114 Romae,
1205 4047 1237 4107 et
1264 4037 1334 4117 ipse

193 4135 403 4196 sanctissimus
424 4141 580 4200 Dominus
594 4136 684 4221 'Papa
703 4141 785 4214 Leo,
806 4139 862 4220 qui
881 4157 998 4218 nuper,
1019 4138 1141 4218 quando
1162 4135 1238 4218 legit
1252 4134 1336 4214 Epi-

199 4233 309 4296 stolam
321 4237 447 4300 Ioannis
457 4239 632 4316 Reucblin,
655 4237 789 4302 multum
809 4239 948 4304 laudavit
962 4238 1055 4302 talam
1074 4237 1197 4311 virum,
1227 4244 1260 4297 et
1281 4233 1335 4303 dir
