2896 4716
344 315 349 324 ’
414 353 692 420 euacua
734 352 957 420 utnon.
1183 364 1247 430 aar

145 535 157 598 3
189 579 351 660 Magram
374 575 566 640 thtmm
585 577 688 656 Lamp
712 581 871 660 magma
893 580 1026 647 ortam
1051 583 1163 645 oratio

613 678 754 737 salutem.

196 809 340 888 Eximie,
376 822 407 874 et
425 811 640 895 promotoriali
661 815 836 876 reverentia
856 813 1056 876 celeberrime
1074 815 1138 878 uir!
1180 821 1244 882 Vos

119 910 281 993 scripsistis
302 911 402 985 mihi,
423 914 557 992 qualiter
576 913 667 974 litera
687 905 771 987 n'rea,
808 933 900 993 quam
921 914 1078 994 composui
1097 915 1185 978 vobis
1206 919 1245 980 de
1277 951 1279 956 ·

118 1011 325 1074 ambulatione
345 1005 423 1070 mea'
435 1012 474 1071 ad
496 1009 640 1080 Cur-iam,
661 1011 723 1072 luit
745 1012 832 1074 vobis
853 1021 1060 1092 praesentata,
1085 1023 1118 1074 et
1136 1017 1253 1088 scribi«,

117 1112 172 1185 tis,
202 1111 287 1190 quod
307 1109 432 1191 potentia
454 1110 567 1170 exinde
591 1121 717 1185 notare,
749 1111 831 1190 quod
854 1111 949 1191 diligo
970 1111 1144 1172 resvelde.
1205 1117 1246 1178 Et

119 1211 196 1272 bene
214 1209 350 1288 scribitis
369 1208 459 1281 tolia,
481 1209 595 1269 etenim
615 1229 700 1284 vera,
721 1210 868 1292 quiores
891 1211 964 1272 estis
984 1209 1063 1272 mibi
1085 1209 1120 1272 iu
1142 1215 1244 1284 corde,
1321 1222 1354 1262 ἰ

116 1318 146 1368 et
165 1327 221 1388 ego
242 1327 314 1367 amo
333 1325 389 1367 ros
410 1307 596 1368 cordialiter.
655 1308 722 1368 sed
748 1311 841 1370 etiam
870 1309 1002 1370 scribitis
1023 1309 1120 1383 mihi,
1162 1313 1245 1392 quod

117 1407 213 1469 debeo
235 1407 326 1469 vobis
340 1406 485 1466 intimare
503 1426 560 1466 aeu
580 1406 753 1475 declarare,
780 1407 936 1487 quomodo
958 1409 1067 1471 mansit
1088 1408 1167 1470 mihi
1186 1433 1245 1492 pro

113 1527 208 1568 nuuc.
250 1507 375 1581 Sciatis,
398 1505 481 1587 quod
500 1525 569 1565 aum
589 1503 671 1587 apud
690 1507 973 1570 unumNotarium
993 1509 1109 1582 Rotae,
1132 1519 1162 1570 et
1185 1511 1243 1572 ha·

112 1605 173 1666 beo
193 1625 305 1686 parare
325 1625 460 1666 mensam
470 1645 480 1679 ,
508 1615 540 1663 et
559 1605 607 1664 ire
625 1591 668 1666 'ad
694 1606 798 1666 iorum
821 1625 879 1685 pro
899 1607 1104 1685 comparando
1125 1607 1244 1686 herbas,

114 1715 148 1762 et
165 1704 269 1776 iabus,
290 1711 320 1762 et
339 1723 446 1784 panes,
467 1712 498 1762 et
517 1722 640 1772 cantes,
663 1707 798 1778 attalia,
820 1714 850 1778 et
870 1704 974 1765 facere
995 1703 1121 1764 domurn
1141 1706 1175 1768 in
1189 1729 1243 1770 ur-

116 1801 213 1875 dine,
235 1801 352 1879 quando
366 1801 522 1862 Dominae
542 1802 629 1863 venit
649 1823 689 1862 ex
709 1787 881 1876 audieritis,
902 1811 933 1862 et
950 1805 1167 1866 commensales
1178 1808 1242 1868 sui:

115 1898 202 1978 quod
224 1899 324 1964 omnia
345 1910 417 1960 aunt
437 1911 559 1980 parata,
582 1909 701 1962 etcum
724 1901 784 1960 hoe
805 1901 897 1960 etiam
916 1899 1034 1960 studeo.
1074 1901 1115 1961 Et
1132 1905 1240 1964 Domi·

114 2017 174 2058 uua
195 2011 282 2058 mous
302 2019 404 2078 nuper
424 1997 503 2058 ‹ttxit
523 1997 620 2073 mihi,
641 2000 724 2080 quod
739 2001 926 2080 perDenm,
947 2000 1071 2080 quaudo
1084 2013 1130 2062 sto
1143 2025 1241 2065 unum

114 2116 230 2156 annum
252 2097 304 2158 vel
323 2096 401 2156 dnos
420 2117 541 2172 aecum,
563 2098 630 2178 ipae
650 2099 721 2158 vult
742 2097 819 2157 mihi
841 2098 950 2176 juvare
971 2099 1010 2158 ad
1029 2119 1126 2160 unum
1147 2102 1241 2164 bene-
1303 2163 1305 2168 ,

113 2193 217 2256 ficium
227 2236 237 2270 ,
257 2194 337 2255 siem
356 2195 444 2276 prius
463 2191 583 2275 juvavit
605 2197 720 2270 multis,
741 2205 772 2254 et
792 2205 838 2256 est
858 2197 936 2256 bene
949 2197 1145 2272 credendum,
1167 2204 1239 2280 quia

113 2304 194 2354 amat
212 2314 264 2352 me
285 2294 427 2356 multum.
488 2295 528 2356 Et
548 2298 714 2376 praecipue
735 2314 852 2374 nuper,
890 2294 1012 2374 quando
1033 2294 1126 2369 vidit,
1155 2303 1238 2378 quod

113 2413 182 2452 aum
199 2393 311 2466 Poeta,
333 2404 411 2452 tnnc
427 2387 524 2467 dixit,
549 2393 632 2472 quod
652 2393 722 2452 vult
739 2411 790 2452 me
810 2385 931 2471 semper
946 2393 1095 2451 amantius
1117 2394 1236 2458 habere.

112 2493 153 2554 Et
170 2493 301 2552 'factum
321 2501 366 2550 eat
382 2492 433 2552 ita.
473 2493 514 2554 Et
532 2511 613 2552 uuus
635 2511 676 2552 ex
695 2489 964 2564 commensalibus,
1005 2491 1059 2570 qui
1080 2504 1124 2552 est
1143 2495 1237 2556 Poeta

110 2591 149 2650 in
171 2591 233 2648 ista
242 2589 360 2669 poetria
379 2609 474 2664 nova,
495 2600 526 2649 et
545 2609 667 2670 semper
687 2589 720 2648 in
742 2609 847 2652 mensa
866 2589 1005 2670 loquitur
1024 2590 1063 2648 de
1084 2593 1186 2670 poesi,
1207 2605 1237 2655 et

109 2689 250 2749 multum
285 2687 484 2767 reprehendit
514 2688 586 2748 illos
612 2687 753 2767 antiquos
784 2685 906 2754 Patres,
948 2697 986 2759 et,
1005 2689 1236 2766 Grammaticos,

109 2788 304 2850 Alcandrum
328 2782 537 2862 Graecistam,
580 2787 686 2848 Verba
708 2786 938 2867 deponentalia‚
970 2787 1165 2868 Remigium,
1208 2803 1238 2852 et

109 2889 195 2964 alios.
236 2888 278 2946 Et
296 2905 398 2966 nuper
417 2885 506 2960 dixit,
527 2885 610 2966 quud
629 2886 741 2964 aliquia
759 2887 866 2946 rolens
887 2884 1004 2947 diaoere
1025 2887 1105 2946 buna
1125 2890 1238 2948 carmi-

108 3007 150 3048 na
171 2987 290 3058 fauere,
311 2984 402 3045 debet
422 2985 501 3045 scire
520 2985 718 3058 Diomedem,
751 2993 785 3049 ¹et
808 2983 888 3044 dixit
907 2985 1005 3046 multa
1026 2987 1064 3046 de
1085 2987 1140 3046 tali
1158 2967 1239 3048 Did-
1289 3046 1293 3056 J

108 3085 208 3144 mede.
258 3082 438 3164 Respondi:
466 3083 532 3163 Ego
553 3083 668 3157 miror,
700 3082 854 3162 quomodo
875 3092 979 3143 tamen
998 3081 1124 3146 venistis
1145 3107 1236 3166 super

107 3185 180 3244 illoa
208 3201 307 3244 novos
328 3182 568 3256 Grammaticos,
608 3191 768 3264 ettamen
795 3181 912 3242 habetis
933 3179 1036 3244 omnia
1054 3184 1182 3244 metrice
1201 3187 1235 3257 in
1295 3209 1297 3214 ·

107 3282 199 3344 tertia
218 3293 307 3361 parte
321 3281 508 3354 Alexandri,
537 3281 577 3340 de
596 3280 726 3360 pedibus
748 3291 779 3338 et
798 3281 1017 3360 quantitatibus
1037 3283 1233 3360 syllabarum,

109 3395 140 3443 et
159 3393 257 3440 artem
274 3379 459 3454 scandendi,
501 3391 531 3441 ct
550 3391 677 3442 caetera.
720 3373 778 3439 ‘Et
798 3399 868 3440 cum
889 3379 965 3451 hou,
989 3378 1046 3436 iste
1067 3379 1234 3440 Diomedes

108 3493 173 3542 nou
193 3478 257 3540 fuit
277 3461 376 3540 bonna
396 3477 608 3540 Christianus:
630 3477 789 3558 Quialugi
808 3477 920 3548 semel,
942 3477 1074 3564 qualiter
1091 3477 1157 3556 ipse
1177 3478 1234 3536 ba·

108 3580 176 3640 buit
196 3597 308 3658 equos,
341 3577 396 3658 qui
417 3579 616 3640 comederunt
635 3577 795 3650 homines,
826 3574 941 3653 etipse
962 3575 1046 3634 dedit
1066 3575 1109 3634 eis
1131 3593 1235 3636 eume-

108 3679 183 3738 dere
202 3677 353 3738 homines.
412 3679 503 3740 Tunc
523 3678 577 3738 ille
598 3676 777 3736 Curtiaanus
799 3673 931 3734 multum
951 3673 1034 3746 risit,
1056 3685 1086 3731 et
1106 3675 1234 3738 subsan-
1256 3665 1259 3672 ¹

107 3777 197 3839 navit
210 3797 274 3837 me:
298 3786 329 3837 et
348 3786 453 3858 postea
473 3777 568 3849 dixit,
590 3775 664 3855 quid
679 3775 775 3838 debeo
796 3772 826 3830 ei
846 3769 964 3845 dicere,
985 3772 1137 3850 quomodo
1149 3774 1234 3834 Aba-

108 3879 189 3938 oock
208 3876 301 3936 habet
321 3878 454 3956 primam
473 3873 646 3955 syllabam?
666 3871 839 3952 Respondi:
861 3872 926 3950 Ego
944 3870 1107 3952 distinguo.
1150 3872 1233 3949 Quis

106 3987 202 4058 prout
212 3976 429 4056 estproprium
436 4018 446 4050 ,
465 3975 557 4036 habet
568 3973 700 4054 primam
715 3969 962 4044 indifferentem,
978 3969 1145 4029 secundum
1158 3957 1233 4028 Ale-

106 4077 281 4149 xandrum,
303 4075 342 4135 ad
354 4075 500 4154 placitum
516 4073 593 4152 poni
604 4070 801 4154 propriorum
814 4071 911 4129 multa
923 4070 1037 4129 notavi.
1071 4069 1131 4126 Sed
1141 4077 1233 4146 prout

105 4177 279 4256 quaeritur,
304 4185 451 4254 quantam
463 4173 555 4236 babet
565 4171 697 4254 primam
705 4169 886 4228 naturaliter
893 4165 1083 4247 respiciendo
1095 4165 1133 4223 ad
1141 4175 1232 4224 natu·

104 4296 156 4338 raa
187 4275 463 4358 appellativorum,
505 4269 695 4336 tuue'habet
724 4267 857 4350 primam
884 4267 1031 4425 bretteprbr,t
1065 4262 1232 4328 secuudum
