2872 4722
224 345 286 414 112
590 343 991 406 nl’ts‘ronsn

407 508 540 564 Ioannes
559 500 787 561 Laribularius
807 503 857 562 M.
880 497 1015 562 ormino
1044 501 1164 562 Gratia.

306 645 435 716 Salutes,
456 659 532 720 quas
550 655 643 698 nemo
657 643 758 716 potest
778 638 959 698 numerare!
1001 611 1196 698 Venerabilis
1215 624 1356 696 Domine

222 744 387 827 Magister!
429 737 605 821 Secundum
627 734 711 816 quod
737 736 921 816 promisistis
941 732 1020 796 mihi
1041 735 1144 817 prius,
1180 736 1264 816 quod
1287 737 1357 799 vel-

221 845 293 907 letis
314 841 394 904 mihi
414 859 479 898 csse
500 825 705 917 adjutorium,
743 836 988 916 quandocunque
1015 835 1162 896 haberem
1190 833 1373 907 necessita-=¹

133 939 157 1020 γ’
222 955 285 1005 tarn
296 984 305 1017 ,
329 951 360 1002 et
379 937 500 1001 velletis
521 955 571 996 me
591 955 777 1017 promovere
795 955 872 1019 prae
892 933 1035 995 omnibus
1057 934 1144 1012 aliis,
1166 946 1197 997 et
1218 935 1352 1009 dixistis,

134 1031 137 1040 ¹
221 1041 306 1126 quod
324 1037 481 1100 audaciter
501 1034 645 1096 deberem
666 1053 721 1094 vos
742 1034 909 1105 invocare,
943 1045 1018 1095 tunc
1038 1021 1158 1095 velletis
1179 1035 1260 1095 mihi
1280 1055 1368 1115 supr

220 1144 339 1224 patiare
359 1138 439 1200 sicut
458 1135 565 1208 fratri,
606 1143 637 1194 et
663 1153 728 1192 non
747 1132 871 1225 nolletis
893 1155 943 1194 me
965 1127 1183 1216 derelinquere
1202 1136 1235 1196 in
1257 1145 1378 1216 ungu-r*

119 1315 123 1325 ι
220 1241 287 1305 stiis
308 1239 395 1300 meis.
438 1237 489 1296 Sic
509 1255 593 1295 nunc
612 1253 687 1314 rogo
707 1252 763 1293 vos
776 1273 785 1306 ,
811 1253 870 1314 pro
891 1254 996 1294 amore
1015 1234 1094 1309 Dei,
1127 1235 1201 1315 quia
1221 1245 1266 1296 est
1288 1235 1356 1297 val-

221 1341 260 1402 de
281 1358 420 1424 necesse,
455 1334 539 1416 quod
559 1331 680 1394 velletis
701 1331 781 1391 mihi
801 1331 984 1406 subvenire,
1025 1333 1098 1413 quia
1118 1335 1244 1414 potestis
1266 1335 1356 1395 bene.
1394 1365 1396 1370 ·

219 1441 336 1501 Rector
363 1437 414 1497 hio
441 1433 615 1496 licentiavit
642 1451 741 1491 unum
768 1431 1039 1506 collaboratorem,
1078 1444 1109 1495 et
1145 1435 1213 1494 vult
1237 1433 1356 1493 habere

219 1558 318 1599 unum
339 1537 452 1596 alium:
492 1540 682 1613 quapropter
708 1529 813 1590 velitis
839 1549 898 1610 pro
930 1551 980 1590 me
999 1530 1133 1592 scribere
1153 1532 1257 1593 literas
1281 1552 1356 1613 pro-

219 1636 415 1709 motoriales,
443 1632 527 1714 quod
546 1631 625 1692 velit
649 1649 705 1688 seu
719 1628 871 1709 dignetur
890 1649 941 1690 me
960 1641 1126 1711 acceptare.
1187 1631 1272 1709 Quia
1293 1630 1355 1711 jam

219 1757 284 1797 non
305 1735 405 1796 habeo
426 1731 558 1812 amplius
580 1729 619 1790 da
640 1726 791 1809 pecunia,
820 1728 894 1809 quis
914 1729 1044 1810 exposui
1064 1729 1186 1804 omnia,
1207 1738 1239 1790 et
1259 1729 1355 1790 etiam

142 1885 146 1897 .
220 1835 283 1894 emi
302 1834 399 1893 libros
420 1840 451 1890 et
472 1831 598 1889 calceos.
639 1829 703 1888 Vos
724 1827 804 1887 bene
824 1827 954 1888 novistis
976 1848 1044 1902 ma,
1075 1828 1249 1909 quodsum
1271 1829 1356 1890 auffi-
1424 1835 1425 1908 t

220 1936 322 2008 ciens,
343 1932 382 1992 de
401 1927 500 2010 gratia
518 1927 589 2002 Dei,
611 1925 694 2008 quia,
717 1925 840 2006 quando
862 1946 918 1988 vos
939 1925 1042 1987 fuistis
1056 1928 1266 2003 Daventriae,·
1281 1938 1356 1988 tunc
1424 1929 1425 1938 ’

220 2053 276 2112 ego
297 2013 348 2090 ini
368 2026 585 2089 secundarius:
607 2035 638 2086 et
659 2039 764 2105 postea
781 2024 817 2084 in
838 2025 969 2088 Colonia
986 2027 1057 2087 steti
1078 2047 1136 2108 per
1156 2046 1292 2102 annum,
1312 2027 1356 2088 ita

219 2129 306 2210 quod
325 2113 482 2208 complevi
508 2144 566 2209 pro
589 2123 687 2205 gradu
707 2123 942 2200 Baccalanrius,
981 2135 1012 2186 et
1039 2125 1166 2187 fuissem
1193 2134 1372 2208 promotus=

166 2212 173 2231 ⁶
219 2230 302 2290 circa
322 2226 436 2287 festum
454 2224 640 2297 Michaelis,
680 2223 707 2282 si
737 2222 911 2284 habuissem
931 2225 1104 2306 pecuniam.
1166 2225 1269 2286 Etiam
1292 2227 1354 2286 scio

218 2326 411 2389 scholaribus
436 2344 595 2388 resumere
620 2307 804 2386 exercitium
837 2343 1027 2402 puerorum,
1063 2325 1115 2386 vel
1144 2344 1222 2406 opus
1249 2327 1368 2385 minus·

218 2426 371 2489 secundae
393 2425 490 2506 partis
512 2432 542 2484 et
567 2422 631 2483 scio
653 2433 750 2483 artem
772 2421 954 2497 scandendi,
990 2434 1026 2485 ut
1046 2411 1101 2485 vos
1121 2423 1269 2486 docuistis
1295 2445 1354 2500 me,

219 2536 251 2588 et
269 2527 397 2589 Petrum
416 2525 592 2606 Hispanum
612 2523 646 2582 in
670 2522 814 2583 omnibus
834 2520 1030 2600 tractatibus,
1051 2531 1082 2584 et
1101 2525 1268 2604 parvulum
1278 2525 1355 2586 Phi-

140 2685 142 2690 .
218 2624 379 2705 losophiae
400 2617 559 2684 aethralis.
599 2621 791 2682 Etiamnum
816 2615 950 2696 Cantor,
972 2619 1356 2698 etacioMusioam,'cho-

217 2723 316 2786 ralem
337 2732 370 2781 et
386 2721 566 2802 figuralem,
580 2738 583 2744 ’
596 2734 626 2781 et
644 2741 715 2780 cum
736 2721 786 2780 his
806 2720 905 2781 habeo
927 2741 1037 2782 vocem
1056 2724 1190 2798 bassam,
1227 2707 1356 2807 etpos-

217 2843 288 2883 sum
316 2831 441 2881 cantare
465 2840 561 2882 unam
588 2829 692 2880 notam
719 2819 805 2879 infra
832 2821 1008 2883 Gammaut.
1032 2863 1037 2869 -
1072 2822 1135 2883 Sed
1160 2841 1224 2882 non
1250 2824 1378 2910 scribo¹

217 2921 306 2983 vobis
327 2921 401 2980 talia
418 2918 584 3000 jactanter,
618 2929 648 2978 et
668 2918 744 2977 ideo·
757 2918 891 2999 parcatis
912 2919 1008 2996 mihi,
1044 2931 1075 2982 et
1102 2922 1147 2982 sio
1168 2909 1378 2985 commendo'

218 3041 275 3083 vos
297 3018 512 3100 omnipotenti.
552 3018 677 3080 Valete!
698 3020 748 3078 Ex
765 3019 890 3079 suellis.

302 3235 351 3296 M.
374 3231 535 3293 conradus
554 3230 592 3290 'de
613 3234 770 3292 Zuieovia
794 3231 827 3292 S.
853 3231 898 3292 D.
914 3233 962 3292 M.
987 3231 1121 3293 Ortuino
1145 3232 1266 3292 Grotio.

302 3382 390 3442 Sicut
415 3382 578 3444 enimvero
604 3382 767 3464 scripsistis
793 3381 873 3442 mihi
900 3402 1001 3463 nuper
1031 3383 1070 3450 de
1097 3394 1210 3446 vestra·
1226 3381 1351 3455 amasia,
1423 3399 1424 3406 ¹

217 3482 375 3570 qpomodo
397 3482 505 3544 amatis
527 3502 594 3544 eam
614 3483 742 3557 intime,
765 3491 795 3542 et
810 3483 900 3542 etism
923 3481 990 3562 ipsa
1008 3493 1091 3554 amat
1109 3503 1184 3556 vos,
1206 3492 1237 3542 et
1256 3479 1352 3542 mittit

123 3623 126 3628 ι
216 3577 408 3644 vobiaserta
429 3591 459 3642 at
477 3581 636 3658 faedatus,
667 3592 697 3642 et
717 3603 813 3666 zona,
845 3581 986 3656 attalia,
1028 3591 1060 3642 et
1078 3602 1143 3642 non
1162 3581 1276 3662 accipit
1295 3601 1352 3661 pe-

217 3680 341 3741 cuniam
362 3702 381 3741 a
402 3681 505 3756 vobis,
526 3681 605 3742 sicut
627 3681 812 3742 meretrices.
864 3676 907 3741 Et
926 3680 1054 3760 qnando
1069 3683 1120 3742 vir
1142 3679 1207 3761 ejus
1228 3689 1274 3740 est
1296 3699 1352 3738 ex-

217 3790 265 3842 tra
286 3780 429 3856 domum,
460 3790 535 3842 tunc
555 3781 697 3842 acceditis
719 3800 801 3853 eam,
820 3788 869 3854 ,et
889 3779 955 3860 ipsa
977 3779 1120 3840 est'bene
1140 3788 1299 3854 contenta:
1320 3785 1352 3836 et

216 3899 319 3959 nuper
339 3880 461 3943 dixistis
490 3880 585 3954 mihi,
627 3880 710 3961 quod
729 3897 788 3960 pro
809 3899 871 3938 una
890 3879 959 3940 vice
980 3889 1028 3940 ter
1045 3878 1250 3960 supposuistis
1271 3897 1349 3950 eam,

117 3984 125 3996 “’
217 3989 248 4038 et
267 3981 364 4040 semel
389 3979 498 4042 stando
518 3989 602 4041 retro
623 3978 748 4059 januum
769 3977 802 4036 iu
825 3977 974 4053 introitu,
999 3991 1168 4059 ‘postquam
1189 3975 1351 4036 cantastis:

216 4078 388 4162 „Attolltte
407 4091 512 4162 portas
531 4080 690 4159 Principes
705 4080 861 4168 'esseest‘
869 4110 871 4118 ν
921 4078 961 4138 Et
980 4087 1086 4157 postea
1100 4078 1152 4140 vir
1168 4077 1236 4158 ejus
1251 4059 1350 4148 sinit,

216 4186 248 4238 at
267 4196 325 4237 vos
346 4178 469 4260 fugistis
487 4177 641 4260 posterius
659 4197 718 4258 per
740 4175 875 4237 hortum.
917 4177 969 4236 Sic
989 4177 1189 4260 etiamnunc
1201 4176 1274 4238 volo
1289 4194 1351 4233 vo-

215 4275 263 4336 bis
283 4277 434 4364 scribere‚
474 4281 628 4360 quomodo
650 4276 788 4340 succedit
802 4273 893 4368 .,¹¹¹i¹¹⁵
912 4294 986 4339 cum
1003 4297 1073 4338 mea
1093 4267 1236 4372 amasia*
1275 4269 1351 4354 lpan
1422 4369 1423 4372 Ἴ

1074 4567 1081 4590 t
1156 4554 1164 4596 ι.

981 4601 991 4654 ‘K
1078 4600 1091 4632 θ
