<?xml version="1.0" encoding="UTF-8"?>
<!DOCTYPE html PUBLIC "-//W3C//DTD XHTML 1.0 Transitional//EN"
    "http://www.w3.org/TR/xhtml1/DTD/xhtml1-transitional.dtd">
<html xmlns="http://www.w3.org/1999/xhtml" xml:lang="en" lang="en">
 <head>
  <title>
</title>
<meta http-equiv="Content-Type" content="text/html;charset=utf-8" />
  <meta name='ocr-system' content='tesseract 3.04.00' />
  <meta name='ocr-capabilities' content='ocr_page ocr_carea ocr_par ocr_line ocrx_word'/>
</head>
<body>
  <div class='ocr_page' id='page_1' title='image "./ulrichiabhutten04mngoog_0160.png"; bbox 0 0 2872 4722; ppageno 0'>
   <div class='ocr_carea' id='block_1_1' title="bbox 230 281 992 388">
    <p class='ocr_par' dir='ltr' id='par_1_1' title="bbox 230 281 992 388">
     <span class='ocr_line' id='line_1_1' title="bbox 230 281 992 388; baseline -0.003 -6"><span class='ocrx_word' id='word_1_1' title='bbox 230 281 331 388; x_wconf 62' lang='lat' dir='ltr'><strong>no&#39;</strong></span> <span class='ocrx_word' id='word_1_2' title='bbox 414 325 416 338; x_wconf 91' lang='lat'><em>·</em></span> <span class='ocrx_word' id='word_1_3' title='bbox 558 315 992 382; x_wconf 75' lang='lat' dir='ltr'><strong>⁸nr1sronnn</strong></span> 
     </span>
    </p>
   </div>
   <div class='ocr_carea' id='block_1_2' title="bbox 230 459 1359 749">
    <p class='ocr_par' dir='ltr' id='par_1_2' title="bbox 230 459 1359 749">
     <span class='ocr_line' id='line_1_2' title="bbox 232 459 1359 554; baseline -0.001 -17"><span class='ocrx_word' id='word_1_4' title='bbox 232 477 391 537; x_wconf 78' lang='lat' dir='ltr'><strong>Antonino</strong></span> <span class='ocrx_word' id='word_1_5' title='bbox 411 476 473 554; x_wconf 59' lang='lat' dir='ltr'><strong>Nu</strong></span> <span class='ocrx_word' id='word_1_6' title='bbox 503 474 683 536; x_wconf 78' lang='lat' dir='ltr'><em>Medicinae</em></span> <span class='ocrx_word' id='word_1_7' title='bbox 705 476 798 554; x_wconf 83' lang='lat' dir='ltr'><strong>qnaec&#39;</strong></span> <span class='ocrx_word' id='word_1_8' title='bbox 820 475 955 546; x_wconf 75' lang='lat' dir='ltr'><strong>Ductor,</strong></span> <span class='ocrx_word' id='word_1_9' title='bbox 994 475 1031 536; x_wconf 81' lang='lat' dir='ltr'><strong>id</strong></span> <span class='ocrx_word' id='word_1_10' title='bbox 1048 487 1112 550; x_wconf 79' lang='lat' dir='ltr'><strong>cot,</strong></span> <span class='ocrx_word' id='word_1_11' title='bbox 1149 459 1359 552; x_wconf 58' lang='lat' dir='ltr'><strong>litonetiatno,</strong></span> 
     </span>
     <span class='ocr_line' id='line_1_3' title="bbox 230 572 1358 650; baseline 0.004 -18"><span class='ocrx_word' id='word_1_12' title='bbox 230 578 339 634; x_wconf 80' lang='lat' dir='ltr'><strong>statim</strong></span> <span class='ocrx_word' id='word_1_13' title='bbox 366 586 469 634; x_wconf 83' lang='lat' dir='ltr'><strong>autem</strong></span> <span class='ocrx_word' id='word_1_14' title='bbox 492 587 668 650; x_wconf 74' lang='lat' dir='ltr'><strong>promotus,</strong></span> <span class='ocrx_word' id='word_1_15' title='bbox 705 572 869 650; x_wconf 67' lang='lat' dir='ltr'><strong>spectabili</strong></span> <span class='ocrx_word' id='word_1_16' title='bbox 902 577 980 638; x_wconf 84' lang='lat' dir='ltr'><strong>Viro</strong></span> <span class='ocrx_word' id='word_1_17' title='bbox 1006 577 1053 634; x_wconf 78' lang='grc' dir='ltr'><strong>Μ.</strong></span> <span class='ocrx_word' id='word_1_18' title='bbox 1077 575 1211 635; x_wconf 78' lang='lat' dir='ltr'><strong>ormino</strong></span> <span class='ocrx_word' id='word_1_19' title='bbox 1234 577 1358 646; x_wconf 83' lang='lat' dir='ltr'><strong>Gratio,</strong></span> 
     </span>
     <span class='ocr_line' id='line_1_4' title="bbox 377 671 1218 749; baseline 0.002 -17"><span class='ocrx_word' id='word_1_20' title='bbox 377 675 578 749; x_wconf 79' lang='lat' dir='ltr'><strong>Praeceptori</strong></span> <span class='ocrx_word' id='word_1_21' title='bbox 596 693 652 732; x_wconf 79' lang='lat' dir='ltr'><strong>cuo</strong></span> <span class='ocrx_word' id='word_1_22' title='bbox 674 673 811 732; x_wconf 66' lang='lat' dir='ltr'><strong>mulctam</strong></span> <span class='ocrx_word' id='word_1_23' title='bbox 831 671 1019 744; x_wconf 70' lang='lat' dir='ltr'><strong>vencrmdo,</strong></span> <span class='ocrx_word' id='word_1_24' title='bbox 1040 673 1071 732; x_wconf 81' lang='lat' dir='ltr'><strong>S.</strong></span> <span class='ocrx_word' id='word_1_25' title='bbox 1088 673 1168 734; x_wconf 77' lang='lat' dir='ltr'><strong>dtcit</strong></span> <span class='ocrx_word' id='word_1_26' title='bbox 1180 676 1218 748; x_wconf 88' lang='lat'><strong>*).</strong></span> 
     </span>
    </p>
   </div>
   <div class='ocr_carea' id='block_1_3' title="bbox 176 817 1431 2877">
    <p class='ocr_par' dir='ltr' id='par_1_3' title="bbox 176 817 1431 2877">
     <span class='ocr_line' id='line_1_5' title="bbox 309 817 1358 902; baseline -0.002 -20"><span class='ocrx_word' id='word_1_27' title='bbox 309 823 493 900; x_wconf 69' lang='lat' dir='ltr'><strong>Praeceptor</strong></span> <span class='ocrx_word' id='word_1_28' title='bbox 511 817 767 902; x_wconf 72' lang='lat' dir='ltr'><strong>singularissime,</strong></span> <span class='ocrx_word' id='word_1_29' title='bbox 793 820 962 882; x_wconf 76' lang='lat' dir='ltr'><strong>secundum</strong></span> <span class='ocrx_word' id='word_1_30' title='bbox 985 817 1068 902; x_wconf 89' lang='lat' dir='ltr'><strong>qnod</strong></span> <span class='ocrx_word' id='word_1_31' title='bbox 1089 821 1254 902; x_wconf 78' lang='lat' dir='ltr'>scripsistis</span> <span class='ocrx_word' id='word_1_32' title='bbox 1276 821 1358 881; x_wconf 85' lang='lat' dir='ltr'><strong>mihi</strong></span> 
     </span>
     <span class='ocr_line' id='line_1_6' title="bbox 227 917 1355 1002; baseline -0.004 -19"><span class='ocrx_word' id='word_1_33' title='bbox 227 939 343 1002; x_wconf 81' lang='lat' dir='ltr'>nuper,</span> <span class='ocrx_word' id='word_1_34' title='bbox 370 919 454 1000; x_wconf 85' lang='lat' dir='ltr'><strong>quod</strong></span> <span class='ocrx_word' id='word_1_35' title='bbox 473 919 600 980; x_wconf 81' lang='lat' dir='ltr'><strong>debeam</strong></span> <span class='ocrx_word' id='word_1_36' title='bbox 621 917 709 982; x_wconf 79' lang='lat' dir='ltr'><strong>vobio</strong></span> <span class='ocrx_word' id='word_1_37' title='bbox 729 917 864 981; x_wconf 75' lang='lat' dir='ltr'><strong>scribare</strong></span> <span class='ocrx_word' id='word_1_38' title='bbox 885 919 1026 996; x_wconf 85' lang='lat' dir='ltr'><strong>novalia,</strong></span> <span class='ocrx_word' id='word_1_39' title='bbox 1050 919 1170 995; x_wconf 80' lang='lat' dir='ltr'><strong>aciatis,</strong></span> <span class='ocrx_word' id='word_1_40' title='bbox 1193 920 1278 1000; x_wconf 88' lang='lat' dir='ltr'><strong>qnod</strong></span> <span class='ocrx_word' id='word_1_41' title='bbox 1298 941 1355 1000; x_wconf 85' lang='lat' dir='ltr'><strong>ego</strong></span> 
     </span>
     <span class='ocr_line' id='line_1_7' title="bbox 227 1015 1356 1100; baseline -0.002 -18"><span class='ocrx_word' id='word_1_42' title='bbox 227 1015 407 1100; x_wconf 74' lang='lat' dir='ltr'><strong>nuperrime</strong></span> <span class='ocrx_word' id='word_1_43' title='bbox 436 1020 508 1079; x_wconf 88' lang='lat' dir='ltr'><strong>veni</strong></span> <span class='ocrx_word' id='word_1_44' title='bbox 539 1036 579 1078; x_wconf 86' lang='lat' dir='ltr'><strong>ex</strong></span> <span class='ocrx_word' id='word_1_45' title='bbox 610 1017 817 1099; x_wconf 84' lang='lat' dir='ltr'><strong>Heidelberga</strong></span> <span class='ocrx_word' id='word_1_46' title='bbox 837 1017 877 1079; x_wconf 88' lang='lat' dir='ltr'><strong>ad</strong></span> <span class='ocrx_word' id='word_1_47' title='bbox 899 1019 1078 1100; x_wconf 74' lang='lat' dir='ltr'>strasburg,</span> <span class='ocrx_word' id='word_1_48' title='bbox 1108 1020 1216 1080; x_wconf 77' lang='lat' dir='ltr'><strong>volens</strong></span> <span class='ocrx_word' id='word_1_49' title='bbox 1250 1036 1356 1080; x_wconf 84' lang='lat' dir='ltr'>emere</span> 
     </span>
     <span class='ocr_line' id='line_1_8' title="bbox 227 1115 1355 1202; baseline -0.001 -24"><span class='ocrx_word' id='word_1_50' title='bbox 227 1117 375 1200; x_wconf 81' lang='lat' dir='ltr'>quaedam</span> <span class='ocrx_word' id='word_1_51' title='bbox 396 1115 574 1192; x_wconf 80' lang='lat' dir='ltr'><strong>materialia,</strong></span> <span class='ocrx_word' id='word_1_52' title='bbox 595 1117 706 1197; x_wconf 79' lang='lat' dir='ltr'><strong>quibus</strong></span> <span class='ocrx_word' id='word_1_53' title='bbox 726 1119 845 1202; x_wconf 76' lang='lat' dir='ltr'><strong>utirnur</strong></span> <span class='ocrx_word' id='word_1_54' title='bbox 864 1118 899 1180; x_wconf 90' lang='lat' dir='ltr'><strong>in</strong></span> <span class='ocrx_word' id='word_1_55' title='bbox 919 1119 1032 1180; x_wconf 70' lang='lat' dir='ltr'><strong>nostris</strong></span> <span class='ocrx_word' id='word_1_56' title='bbox 1053 1116 1296 1192; x_wconf 72' lang='lat' dir='ltr'><strong>medicinalibus,</strong></span> <span class='ocrx_word' id='word_1_57' title='bbox 1319 1127 1355 1177; x_wconf 87' lang='lat' dir='ltr'><strong>nt</strong></span> 
     </span>
     <span class='ocr_line' id='line_1_9' title="bbox 225 1215 1353 1298; baseline -0.005 -19"><span class='ocrx_word' id='word_1_58' title='bbox 225 1217 306 1279; x_wconf 78' lang='lat' dir='ltr'><strong>scitis</strong></span> <span class='ocrx_word' id='word_1_59' title='bbox 323 1217 431 1277; x_wconf 83' lang='lat' dir='ltr'>oredo:</span> <span class='ocrx_word' id='word_1_60' title='bbox 468 1215 654 1296; x_wconf 83' lang='lat' dir='ltr'><strong>quinetiam</strong></span> <span class='ocrx_word' id='word_1_61' title='bbox 679 1223 726 1276; x_wconf 84' lang='lat' dir='ltr'><strong>eet</strong></span> <span class='ocrx_word' id='word_1_62' title='bbox 744 1217 935 1278; x_wconf 81' lang='lat' dir='ltr'><strong>consuetudo</strong></span> <span class='ocrx_word' id='word_1_63' title='bbox 961 1215 1045 1298; x_wconf 88' lang='lat' dir='ltr'><strong>apud</strong></span> <span class='ocrx_word' id='word_1_64' title='bbox 1065 1225 1182 1280; x_wconf 83' lang='lat' dir='ltr'>vestroe</span> <span class='ocrx_word' id='word_1_65' title='bbox 1203 1215 1353 1286; x_wconf 75' lang='lat' dir='ltr'><strong>Medione,</strong></span> 
     </span>
     <span class='ocr_line' id='line_1_10' title="bbox 225 1313 1353 1396; baseline -0.001 -20"><span class='ocrx_word' id='word_1_66' title='bbox 225 1326 276 1386; x_wconf 88' lang='lat' dir='ltr'><strong>ut,</strong></span> <span class='ocrx_word' id='word_1_67' title='bbox 315 1313 425 1393; x_wconf 77' lang='lat' dir='ltr'><strong>sinon</strong></span> <span class='ocrx_word' id='word_1_68' title='bbox 447 1313 562 1375; x_wconf 88' lang='lat' dir='ltr'><strong>habent</strong></span> <span class='ocrx_word' id='word_1_69' title='bbox 589 1315 624 1375; x_wconf 86' lang='lat' dir='ltr'><strong>in</strong></span> <span class='ocrx_word' id='word_1_70' title='bbox 650 1315 714 1375; x_wconf 81' lang='lat' dir='ltr'><strong>ouis</strong></span> <span class='ocrx_word' id='word_1_71' title='bbox 738 1315 911 1396; x_wconf 67' lang='lat' dir='ltr'><strong>apothecis,</strong></span> <span class='ocrx_word' id='word_1_72' title='bbox 942 1325 1017 1377; x_wconf 84' lang='lat' dir='ltr'><strong>tune</strong></span> <span class='ocrx_word' id='word_1_73' title='bbox 1039 1316 1140 1376; x_wconf 82' lang='lat' dir='ltr'>solent</span> <span class='ocrx_word' id='word_1_74' title='bbox 1165 1329 1292 1395; x_wconf 77' lang='lat' dir='ltr'>pergere</span> <span class='ocrx_word' id='word_1_75' title='bbox 1317 1315 1353 1375; x_wconf 91' lang='lat' dir='ltr'><strong>in</strong></span> 
     </span>
     <span class='ocr_line' id='line_1_11' title="bbox 224 1413 1353 1495; baseline -0.004 -20"><span class='ocrx_word' id='word_1_76' title='bbox 224 1415 317 1476; x_wconf 85' lang='lat' dir='ltr'><strong>aliam</strong></span> <span class='ocrx_word' id='word_1_77' title='bbox 338 1413 511 1481; x_wconf 81' lang='lat' dir='ltr'><strong>civitatem,</strong></span> <span class='ocrx_word' id='word_1_78' title='bbox 533 1422 568 1474; x_wconf 90' lang='lat' dir='ltr'><strong>ut</strong></span> <span class='ocrx_word' id='word_1_79' title='bbox 587 1425 716 1494; x_wconf 75' lang='lat' dir='ltr'><strong>possunt</strong></span> <span class='ocrx_word' id='word_1_80' title='bbox 737 1430 841 1474; x_wconf 85' lang='lat' dir='ltr'>emere</span> <span class='ocrx_word' id='word_1_81' title='bbox 859 1413 898 1473; x_wconf 80' lang='lat' dir='ltr'><strong>ad</strong></span> <span class='ocrx_word' id='word_1_82' title='bbox 912 1414 1161 1495; x_wconf 80' lang='lat' dir='ltr'><strong>practicntioncm</strong></span> <span class='ocrx_word' id='word_1_83' title='bbox 1176 1429 1279 1490; x_wconf 74' lang='lat' dir='ltr'><strong>enam,</strong></span> <span class='ocrx_word' id='word_1_84' title='bbox 1298 1413 1353 1472; x_wconf 85' lang='lat' dir='ltr'><strong>sed</strong></span> 
     </span>
     <span class='ocr_line' id='line_1_12' title="bbox 224 1511 1355 1592; baseline -0.006 -16"><span class='ocrx_word' id='word_1_85' title='bbox 224 1526 304 1576; x_wconf 85' lang='lat' dir='ltr'><strong>stent</strong></span> <span class='ocrx_word' id='word_1_86' title='bbox 323 1513 388 1573; x_wconf 89' lang='lat' dir='ltr'><strong>illa.</strong></span> <span class='ocrx_word' id='word_1_87' title='bbox 427 1511 510 1572; x_wconf 76' lang='lat' dir='ltr'><strong>Cum</strong></span> <span class='ocrx_word' id='word_1_88' title='bbox 531 1511 635 1592; x_wconf 85' lang='lat' dir='ltr'><strong>itaque</strong></span> <span class='ocrx_word' id='word_1_89' title='bbox 657 1511 807 1574; x_wconf 68' lang='lat' dir='ltr'><strong>venissem</strong></span> <span class='ocrx_word' id='word_1_90' title='bbox 827 1512 924 1587; x_wconf 90' lang='lat' dir='ltr'><strong>illuc,</strong></span> <span class='ocrx_word' id='word_1_91' title='bbox 958 1513 1045 1574; x_wconf 88' lang='lat' dir='ltr'><strong>venit</strong></span> <span class='ocrx_word' id='word_1_92' title='bbox 1062 1513 1102 1572; x_wconf 88' lang='lat' dir='ltr'><strong>ad</strong></span> <span class='ocrx_word' id='word_1_93' title='bbox 1120 1529 1172 1574; x_wconf 85' lang='lat' dir='ltr'><strong>me</strong></span> <span class='ocrx_word' id='word_1_94' title='bbox 1192 1530 1272 1572; x_wconf 76' lang='lat' dir='ltr'><strong>unus</strong></span> <span class='ocrx_word' id='word_1_95' title='bbox 1294 1513 1355 1573; x_wconf 81' lang='lat' dir='ltr'><strong>bo·</strong></span> 
     </span>
     <span class='ocr_line' id='line_1_13' title="bbox 223 1589 1353 1690; baseline -0.004 -16"><span class='ocrx_word' id='word_1_96' title='bbox 223 1633 283 1690; x_wconf 82' lang='lat' dir='ltr'><strong>nus</strong></span> <span class='ocrx_word' id='word_1_97' title='bbox 306 1611 439 1690; x_wconf 83' lang='lat' dir='ltr'><strong>amicus,</strong></span> <span class='ocrx_word' id='word_1_98' title='bbox 474 1609 528 1690; x_wconf 85' lang='lat' dir='ltr'><strong>qui</strong></span> <span class='ocrx_word' id='word_1_99' title='bbox 558 1619 603 1672; x_wconf 80' lang='lat' dir='ltr'><strong>eat</strong></span> <span class='ocrx_word' id='word_1_100' title='bbox 627 1610 708 1671; x_wconf 86' lang='lat' dir='ltr'><strong>mihi</strong></span> <span class='ocrx_word' id='word_1_101' title='bbox 729 1611 863 1671; x_wconf 85' lang='lat' dir='ltr'><strong>multum</strong></span> <span class='ocrx_word' id='word_1_102' title='bbox 882 1589 1082 1685; x_wconf 72' lang='lat' dir='ltr'><strong>favorabilis,</strong></span> <span class='ocrx_word' id='word_1_103' title='bbox 1119 1624 1151 1671; x_wconf 88' lang='lat' dir='ltr'><strong>et</strong></span> <span class='ocrx_word' id='word_1_104' title='bbox 1176 1627 1268 1690; x_wconf 84' lang='lat' dir='ltr'><strong>quem</strong></span> <span class='ocrx_word' id='word_1_105' title='bbox 1296 1629 1353 1672; x_wconf 80' lang='lat' dir='ltr'><strong>vos</strong></span> 
     </span>
     <span class='ocr_line' id='line_1_14' title="bbox 176 1708 1352 1796; baseline -0.002 -23"><span class='ocrx_word' id='word_1_106' title='bbox 176 1739 180 1744; x_wconf 93' lang='lat'><em>·</em></span> <span class='ocrx_word' id='word_1_107' title='bbox 223 1714 303 1774; x_wconf 90' lang='lat' dir='ltr'><strong>bene</strong></span> <span class='ocrx_word' id='word_1_108' title='bbox 324 1708 521 1791; x_wconf 73' lang='lat' dir='ltr'><strong>cognoscitis,</strong></span> <span class='ocrx_word' id='word_1_109' title='bbox 532 1767 540 1796; x_wconf 65' lang='lat' dir='ltr'>r</span> <span class='ocrx_word' id='word_1_110' title='bbox 554 1709 627 1788; x_wconf 87' lang='lat' dir='ltr'><strong>quia</strong></span> <span class='ocrx_word' id='word_1_111' title='bbox 655 1709 719 1772; x_wconf 79' lang='lat' dir='ltr'><strong>fuit</strong></span> <span class='ocrx_word' id='word_1_112' title='bbox 748 1709 804 1770; x_wconf 85' lang='lat' dir='ltr'><strong>din</strong></span> <span class='ocrx_word' id='word_1_113' title='bbox 823 1709 918 1771; x_wconf 85' lang='lat' dir='ltr'><strong>etiam</strong></span> <span class='ocrx_word' id='word_1_114' title='bbox 939 1709 1089 1771; x_wconf 74' lang='lat' dir='ltr'>Coloniae</span> <span class='ocrx_word' id='word_1_115' title='bbox 1109 1711 1166 1770; x_wconf 84' lang='lat' dir='ltr'><strong>eub</strong></span> <span class='ocrx_word' id='word_1_116' title='bbox 1187 1709 1275 1790; x_wconf 79' lang='lat' dir='ltr'><strong>virga</strong></span> <span class='ocrx_word' id='word_1_117' title='bbox 1295 1726 1352 1771; x_wconf 74' lang='lat' dir='ltr'><strong>ve-</strong></span> 
     </span>
     <span class='ocr_line' id='line_1_15' title="bbox 223 1803 1352 1890; baseline -0.004 -18"><span class='ocrx_word' id='word_1_118' title='bbox 223 1821 303 1886; x_wconf 80' lang='lat' dir='ltr'><strong>stra,</strong></span> <span class='ocrx_word' id='word_1_119' title='bbox 322 1805 377 1869; x_wconf 84' lang='lat' dir='ltr'><strong>ille</strong></span> <span class='ocrx_word' id='word_1_120' title='bbox 399 1805 477 1868; x_wconf 87' lang='lat' dir='ltr'><strong>mihi</strong></span> <span class='ocrx_word' id='word_1_121' title='bbox 498 1805 579 1866; x_wconf 78' lang='lat' dir='ltr'><strong>dixit</strong></span> <span class='ocrx_word' id='word_1_122' title='bbox 600 1815 675 1868; x_wconf 87' lang='lat' dir='ltr'><strong>tuuc</strong></span> <span class='ocrx_word' id='word_1_123' title='bbox 697 1803 736 1868; x_wconf 87' lang='lat' dir='ltr'><strong>de</strong></span> <span class='ocrx_word' id='word_1_124' title='bbox 757 1825 838 1884; x_wconf 87' lang='lat' dir='ltr'><strong>uno,</strong></span> <span class='ocrx_word' id='word_1_125' title='bbox 861 1808 915 1890; x_wconf 86' lang='lat' dir='ltr'><strong>qni</strong></span> <span class='ocrx_word' id='word_1_126' title='bbox 936 1821 1002 1869; x_wconf 85' lang='lat' dir='ltr'><strong>ernt</strong></span> <span class='ocrx_word' id='word_1_127' title='bbox 1018 1803 1117 1869; x_wconf 79' lang='lat' dir='ltr'><strong>diotae</strong></span> <span class='ocrx_word' id='word_1_128' title='bbox 1129 1809 1352 1870; x_wconf 67' lang='lat' dir='ltr'><strong>ErasmueRo-</strong></span> 
     </span>
     <span class='ocr_line' id='line_1_16' title="bbox 223 1903 1351 1988; baseline -0.004 -18"><span class='ocrx_word' id='word_1_129' title='bbox 223 1909 416 1982; x_wconf 81' lang='lat' dir='ltr'><strong>terodamue,</strong></span> <span class='ocrx_word' id='word_1_130' title='bbox 452 1903 530 1964; x_wconf 86' lang='lat' dir='ltr'><strong>mihi</strong></span> <span class='ocrx_word' id='word_1_131' title='bbox 552 1906 639 1986; x_wconf 75' lang='lat' dir='ltr'><strong>priua</strong></span> <span class='ocrx_word' id='word_1_132' title='bbox 660 1906 853 1988; x_wconf 79' lang='lat' dir='ltr'><strong>incognitus,</strong></span> <span class='ocrx_word' id='word_1_133' title='bbox 881 1907 938 1988; x_wconf 87' lang='lat' dir='ltr'><strong>qui</strong></span> <span class='ocrx_word' id='word_1_134' title='bbox 959 1919 1036 1968; x_wconf 74' lang='lat' dir='ltr'><strong>estet</strong></span> <span class='ocrx_word' id='word_1_135' title='bbox 1054 1906 1148 1967; x_wconf 85' lang='lat' dir='ltr'><strong>homo</strong></span> <span class='ocrx_word' id='word_1_136' title='bbox 1167 1909 1257 1969; x_wconf 87' lang='lat' dir='ltr'><strong>valde</strong></span> <span class='ocrx_word' id='word_1_137' title='bbox 1276 1907 1351 1966; x_wconf 87' lang='lat' dir='ltr'><strong>doo—</strong></span> 
     </span>
     <span class='ocr_line' id='line_1_17' title="bbox 221 2003 1349 2088; baseline -0.004 -18"><span class='ocrx_word' id='word_1_138' title='bbox 221 2020 272 2071; x_wconf 77' lang='lat' dir='ltr'><strong>tun</strong></span> <span class='ocrx_word' id='word_1_139' title='bbox 301 2007 336 2066; x_wconf 86' lang='lat' dir='ltr'><strong>in</strong></span> <span class='ocrx_word' id='word_1_140' title='bbox 365 2005 451 2065; x_wconf 87' lang='lat' dir='ltr'><strong>omni</strong></span> <span class='ocrx_word' id='word_1_141' title='bbox 473 2003 590 2078; x_wconf 83' lang='lat' dir='ltr'><strong>scibili,</strong></span> <span class='ocrx_word' id='word_1_142' title='bbox 625 2006 774 2086; x_wconf 83' lang='lat' dir='ltr'><strong>omnique</strong></span> <span class='ocrx_word' id='word_1_143' title='bbox 799 2007 1019 2076; x_wconf 72' lang='lat' dir='ltr'><strong>doctrinarum,</strong></span> <span class='ocrx_word' id='word_1_144' title='bbox 1032 2023 1161 2088; x_wconf 80' lang='lat' dir='ltr'><strong>genera,</strong></span> <span class='ocrx_word' id='word_1_145' title='bbox 1198 2015 1228 2066; x_wconf 90' lang='lat' dir='ltr'><strong>et</strong></span> <span class='ocrx_word' id='word_1_146' title='bbox 1258 2006 1349 2080; x_wconf 79' lang='lat' dir='ltr'><strong>dixit,</strong></span> 
     </span>
     <span class='ocr_line' id='line_1_18' title="bbox 223 2102 1350 2188; baseline -0.004 -21"><span class='ocrx_word' id='word_1_147' title='bbox 223 2107 403 2188; x_wconf 74' lang='lat' dir='ltr'><strong>quodenset</strong></span> <span class='ocrx_word' id='word_1_148' title='bbox 424 2103 485 2182; x_wconf 84' lang='lat' dir='ltr'><strong>jam</strong></span> <span class='ocrx_word' id='word_1_149' title='bbox 507 2102 540 2160; x_wconf 89' lang='lat' dir='ltr'><strong>in</strong></span> <span class='ocrx_word' id='word_1_150' title='bbox 554 2104 730 2188; x_wconf 51' lang='lat' dir='ltr'><strong>Stroeburg,¹</strong></span> <span class='ocrx_word' id='word_1_151' title='bbox 763 2106 830 2185; x_wconf 81' lang='lat' dir='ltr'><strong>Ego</strong></span> <span class='ocrx_word' id='word_1_152' title='bbox 844 2105 933 2166; x_wconf 87' lang='lat' dir='ltr'><strong>nolui</strong></span> <span class='ocrx_word' id='word_1_153' title='bbox 954 2105 1098 2181; x_wconf 79' lang='lat' dir='ltr'><strong>credere,</strong></span> <span class='ocrx_word' id='word_1_154' title='bbox 1119 2115 1150 2168; x_wconf 89' lang='lat' dir='ltr'><strong>et</strong></span> <span class='ocrx_word' id='word_1_155' title='bbox 1168 2103 1268 2164; x_wconf 86' lang='lat' dir='ltr'><strong>adhuc</strong></span> <span class='ocrx_word' id='word_1_156' title='bbox 1283 2119 1350 2163; x_wconf 87' lang='lat' dir='ltr'><strong>non</strong></span> 
     </span>
     <span class='ocr_line' id='line_1_19' title="bbox 224 2198 1431 2291; baseline -0.005 -24"><span class='ocrx_word' id='word_1_157' title='bbox 224 2205 333 2278; x_wconf 89' lang='lat' dir='ltr'><strong>credo,</strong></span> <span class='ocrx_word' id='word_1_158' title='bbox 371 2201 445 2291; x_wconf 65' lang='lat' dir='ltr'><strong>&#39;quia</strong></span> <span class='ocrx_word' id='word_1_159' title='bbox 464 2201 589 2262; x_wconf 85' lang='lat' dir='ltr'><strong>videtur</strong></span> <span class='ocrx_word' id='word_1_160' title='bbox 607 2203 687 2262; x_wconf 83' lang='lat' dir='ltr'><strong>nihi</strong></span> <span class='ocrx_word' id='word_1_161' title='bbox 705 2198 914 2285; x_wconf 75' lang='lat' dir='ltr'><strong>impossibile,</strong></span> <span class='ocrx_word' id='word_1_162' title='bbox 945 2204 1029 2286; x_wconf 86' lang='lat' dir='ltr'><strong>qnod</strong></span> <span class='ocrx_word' id='word_1_163' title='bbox 1058 2219 1139 2265; x_wconf 80' lang='lat' dir='ltr'><strong>unus</strong></span> <span class='ocrx_word' id='word_1_164' title='bbox 1163 2203 1256 2263; x_wconf 86' lang='lat' dir='ltr'><strong>homo</strong></span> <span class='ocrx_word' id='word_1_165' title='bbox 1276 2218 1350 2282; x_wconf 83' lang='lat' dir='ltr'><strong>par·</strong></span> <span class='ocrx_word' id='word_1_166' title='bbox 1430 2233 1431 2236; x_wconf 35' lang='lat'>¹</span> 
     </span>
     <span class='ocr_line' id='line_1_20' title="bbox 222 2297 1431 2384; baseline -0.003 -20"><span class='ocrx_word' id='word_1_167' title='bbox 222 2326 298 2379; x_wconf 79' lang='lat' dir='ltr'><strong>vus,</strong></span> <span class='ocrx_word' id='word_1_168' title='bbox 318 2312 353 2363; x_wconf 84' lang='lat' dir='ltr'><strong>ut</strong></span> <span class='ocrx_word' id='word_1_169' title='bbox 374 2304 440 2382; x_wconf 83' lang='lat' dir='ltr'><strong>ipae</strong></span> <span class='ocrx_word' id='word_1_170' title='bbox 462 2309 506 2360; x_wconf 85' lang='lat' dir='ltr'><strong>est</strong></span> <span class='ocrx_word' id='word_1_171' title='bbox 513 2343 522 2375; x_wconf 93' lang='lat'><strong>,</strong></span> <span class='ocrx_word' id='word_1_172' title='bbox 542 2310 605 2362; x_wconf 84' lang='lat' dir='ltr'><strong>tam</strong></span> <span class='ocrx_word' id='word_1_173' title='bbox 617 2301 716 2363; x_wconf 73' lang='lat' dir='ltr'><strong>&#39;niulta</strong></span> <span class='ocrx_word' id='word_1_174' title='bbox 737 2303 862 2366; x_wconf 77' lang='lat' dir='ltr'><strong>deberet</strong></span> <span class='ocrx_word' id='word_1_175' title='bbox 882 2302 972 2365; x_wconf 67' lang='lat' dir='ltr'><strong>acite.</strong></span> <span class='ocrx_word' id='word_1_176' title='bbox 1012 2301 1133 2384; x_wconf 81' lang='lat' dir='ltr'><strong>Rogavi</strong></span> <span class='ocrx_word' id='word_1_177' title='bbox 1154 2325 1225 2382; x_wconf 88' lang='lat' dir='ltr'>ergo</span> <span class='ocrx_word' id='word_1_178' title='bbox 1247 2302 1349 2375; x_wconf 86' lang='lat' dir='ltr'><strong>illum,</strong></span> <span class='ocrx_word' id='word_1_179' title='bbox 1430 2297 1431 2319; x_wconf 54' lang='lat'>*</span> 
     </span>
     <span class='ocr_line' id='line_1_21' title="bbox 223 2395 1349 2484; baseline -0.001 -21"><span class='ocrx_word' id='word_1_180' title='bbox 223 2403 278 2484; x_wconf 87' lang='lat' dir='ltr'><strong>qni</strong></span> <span class='ocrx_word' id='word_1_181' title='bbox 298 2401 378 2462; x_wconf 83' lang='lat' dir='ltr'><strong>mihi</strong></span> <span class='ocrx_word' id='word_1_182' title='bbox 398 2395 471 2460; x_wconf 82' lang='lat' dir='ltr'><strong>talia</strong></span> <span class='ocrx_word' id='word_1_183' title='bbox 491 2399 588 2474; x_wconf 86' lang='lat' dir='ltr'><strong>dixit,</strong></span> <span class='ocrx_word' id='word_1_184' title='bbox 609 2400 701 2461; x_wconf 81' lang='lat' dir='ltr'><strong>valde</strong></span> <span class='ocrx_word' id='word_1_185' title='bbox 722 2401 912 2484; x_wconf 85' lang='lat' dir='ltr'><strong>plurimum,</strong></span> <span class='ocrx_word' id='word_1_186' title='bbox 931 2411 967 2464; x_wconf 88' lang='lat' dir='ltr'><strong>ut</strong></span> <span class='ocrx_word' id='word_1_187' title='bbox 986 2402 1082 2463; x_wconf 81' lang='lat' dir='ltr'><strong>vellet</strong></span> <span class='ocrx_word' id='word_1_188' title='bbox 1101 2419 1152 2461; x_wconf 85' lang='lat' dir='ltr'><strong>me</strong></span> <span class='ocrx_word' id='word_1_189' title='bbox 1165 2411 1267 2462; x_wconf 85' lang='lat' dir='ltr'><strong>tamen</strong></span> <span class='ocrx_word' id='word_1_190' title='bbox 1289 2403 1349 2462; x_wconf 88' lang='lat' dir='ltr'><strong>du—</strong></span> 
     </span>
     <span class='ocr_line' id='line_1_22' title="bbox 224 2499 1349 2580; baseline -0.002 -17"><span class='ocrx_word' id='word_1_191' title='bbox 224 2522 294 2564; x_wconf 88' lang='lat' dir='ltr'><strong>cere</strong></span> <span class='ocrx_word' id='word_1_192' title='bbox 315 2499 355 2580; x_wconf 65' lang='lat' dir='ltr'><strong>nd</strong></span> <span class='ocrx_word' id='word_1_193' title='bbox 375 2511 463 2571; x_wconf 78' lang='lat' dir='ltr'><strong>euin,</strong></span> <span class='ocrx_word' id='word_1_194' title='bbox 504 2507 540 2558; x_wconf 87' lang='lat' dir='ltr'><strong>ut</strong></span> <span class='ocrx_word' id='word_1_195' title='bbox 570 2511 690 2579; x_wconf 76' lang='lat' dir='ltr'>possem</span> <span class='ocrx_word' id='word_1_196' title='bbox 713 2517 785 2560; x_wconf 84' lang='lat' dir='ltr'><strong>enm</strong></span> <span class='ocrx_word' id='word_1_197' title='bbox 804 2502 921 2562; x_wconf 82' lang='lat' dir='ltr'><strong>videre.</strong></span> <span class='ocrx_word' id='word_1_198' title='bbox 984 2502 1089 2562; x_wconf 86' lang='lat' dir='ltr'><strong>Habui</strong></span> <span class='ocrx_word' id='word_1_199' title='bbox 1114 2501 1206 2562; x_wconf 83' lang='lat' dir='ltr'><strong>ctiam</strong></span> <span class='ocrx_word' id='word_1_200' title='bbox 1227 2515 1349 2562; x_wconf 80' lang='lat' dir='ltr'><strong>mecum</strong></span> 
     </span>
     <span class='ocr_line' id='line_1_23' title="bbox 223 2595 1350 2678; baseline -0.001 -16"><span class='ocrx_word' id='word_1_201' title='bbox 223 2612 298 2662; x_wconf 87' lang='lat' dir='ltr'><strong>tuno</strong></span> <span class='ocrx_word' id='word_1_202' title='bbox 319 2615 418 2661; x_wconf 86' lang='lat' dir='ltr'><strong>unum</strong></span> <span class='ocrx_word' id='word_1_203' title='bbox 440 2596 638 2677; x_wconf 79' lang='lat' dir='ltr'><strong>Ropioriunt,</strong></span> <span class='ocrx_word' id='word_1_204' title='bbox 685 2599 771 2678; x_wconf 84' lang='lat' dir='ltr'><strong>qnod</strong></span> <span class='ocrx_word' id='word_1_205' title='bbox 791 2599 968 2675; x_wconf 78' lang='lat' dir='ltr'><strong>intitulavi,</strong></span> <span class='ocrx_word' id='word_1_206' title='bbox 999 2595 1209 2661; x_wconf 82' lang='lat' dir='ltr'><strong>Vademccum</strong></span> <span class='ocrx_word' id='word_1_207' title='bbox 1229 2601 1263 2661; x_wconf 94' lang='lat' dir='ltr'><strong>in</strong></span> <span class='ocrx_word' id='word_1_208' title='bbox 1283 2621 1350 2662; x_wconf 82' lang='lat' dir='ltr'>rne-</span> 
     </span>
     <span class='ocr_line' id='line_1_24' title="bbox 224 2697 1350 2781; baseline 0 -22"><span class='ocrx_word' id='word_1_209' title='bbox 224 2699 344 2773; x_wconf 84' lang='lat' dir='ltr'><strong>dicinn,</strong></span> <span class='ocrx_word' id='word_1_210' title='bbox 371 2706 407 2756; x_wconf 87' lang='lat' dir='ltr'><strong>ut</strong></span> <span class='ocrx_word' id='word_1_211' title='bbox 426 2697 510 2754; x_wconf 83' lang='lat' dir='ltr'><strong>soleo</strong></span> <span class='ocrx_word' id='word_1_212' title='bbox 531 2711 652 2776; x_wconf 86' lang='lat' dir='ltr'>sempor</span> <span class='ocrx_word' id='word_1_213' title='bbox 674 2697 804 2772; x_wconf 84' lang='lat' dir='ltr'><strong>habero,</strong></span> <span class='ocrx_word' id='word_1_214' title='bbox 844 2699 967 2778; x_wconf 75' lang='lat' dir='ltr'><strong>quando</strong></span> <span class='ocrx_word' id='word_1_215' title='bbox 983 2700 1105 2759; x_wconf 85' lang='lat' dir='ltr'><strong>ambulo</strong></span> <span class='ocrx_word' id='word_1_216' title='bbox 1126 2707 1210 2758; x_wconf 82' lang='lat' dir='ltr'><strong>trans</strong></span> <span class='ocrx_word' id='word_1_217' title='bbox 1232 2699 1350 2781; x_wconf 79' lang='lat' dir='ltr'><strong>campie</strong></span> 
     </span>
     <span class='ocr_line' id='line_1_25' title="bbox 224 2793 1349 2877; baseline -0.001 -18"><span class='ocrx_word' id='word_1_218' title='bbox 224 2799 264 2869; x_wconf 83' lang='lat' dir='ltr'><strong>ad</strong></span> <span class='ocrx_word' id='word_1_219' title='bbox 289 2795 452 2858; x_wconf 65' lang='lat' dir='ltr'><strong>visitandos</strong></span> <span class='ocrx_word' id='word_1_220' title='bbox 475 2793 640 2873; x_wconf 75' lang='lat' dir='ltr'><strong>patientes,</strong></span> <span class='ocrx_word' id='word_1_221' title='bbox 661 2795 712 2856; x_wconf 83' lang='lat' dir='ltr'><strong>vel</strong></span> <span class='ocrx_word' id='word_1_222' title='bbox 734 2796 773 2855; x_wconf 85' lang='lat' dir='ltr'><strong>ed</strong></span> <span class='ocrx_word' id='word_1_223' title='bbox 793 2795 963 2858; x_wconf 84' lang='lat' dir='ltr'><strong>materialia</strong></span> <span class='ocrx_word' id='word_1_224' title='bbox 982 2798 1136 2877; x_wconf 23' lang='lat' dir='ltr'><strong>emendat,</strong></span> <span class='ocrx_word' id='word_1_225' title='bbox 1155 2799 1190 2857; x_wconf 90' lang='lat' dir='ltr'><strong>in</strong></span> <span class='ocrx_word' id='word_1_226' title='bbox 1209 2797 1271 2858; x_wconf 87' lang='lat' dir='ltr'><strong>hoc</strong></span> <span class='ocrx_word' id='word_1_227' title='bbox 1293 2799 1349 2859; x_wconf 82' lang='lat' dir='ltr'><strong>lra-</strong></span> 
     </span>
    </p>
   </div>
   <div class='ocr_carea' id='block_1_4' title="bbox 111 2893 1352 2976">
    <p class='ocr_par' dir='ltr' id='par_1_4' title="bbox 111 2893 1352 2976">
     <span class='ocr_line' id='line_1_26' title="bbox 111 2893 1352 2976; baseline 0.004 -22"><span class='ocrx_word' id='word_1_228' title='bbox 111 2933 114 2938; x_wconf 68' lang='lat'><strong>,</strong></span> <span class='ocrx_word' id='word_1_229' title='bbox 223 2899 282 2959; x_wconf 90' lang='lat' dir='ltr'><strong>beo</strong></span> <span class='ocrx_word' id='word_1_230' title='bbox 302 2894 393 2954; x_wconf 85' lang='lat' dir='ltr'><strong>etiam</strong></span> <span class='ocrx_word' id='word_1_231' title='bbox 411 2894 514 2957; x_wconf 70' lang='lat' dir='ltr'><strong>,varias</strong></span> <span class='ocrx_word' id='word_1_232' title='bbox 530 2893 721 2972; x_wconf 63' lang='lat' dir='ltr'><strong>quaestiones</strong></span> <span class='ocrx_word' id='word_1_233' title='bbox 728 2936 738 2969; x_wconf 95' lang='lat'><strong>,</strong></span> <span class='ocrx_word' id='word_1_234' title='bbox 773 2913 854 2976; x_wconf 82' lang='lat' dir='ltr'><strong>qnae</strong></span> <span class='ocrx_word' id='word_1_235' title='bbox 877 2906 950 2957; x_wconf 82' lang='lat' dir='ltr'><strong>eunt</strong></span> <span class='ocrx_word' id='word_1_236' title='bbox 974 2897 1066 2958; x_wconf 79' lang='lat' dir='ltr'><strong>valde</strong></span> <span class='ocrx_word' id='word_1_237' title='bbox 1085 2896 1209 2963; x_wconf 81' lang='lat' dir='ltr'><strong>subtiles</strong></span> <span class='ocrx_word' id='word_1_238' title='bbox 1229 2897 1264 2958; x_wconf 89' lang='lat' dir='ltr'><strong>iu</strong></span> <span class='ocrx_word' id='word_1_239' title='bbox 1282 2907 1352 2959; x_wconf 85' lang='lat' dir='ltr'><strong>arte</strong></span> 
     </span>
    </p>
   </div>
   <div class='ocr_carea' id='block_1_5' title="bbox 173 2990 1350 3474">
    <p class='ocr_par' dir='ltr' id='par_1_5' title="bbox 173 2990 1350 3474">
     <span class='ocr_line' id='line_1_27' title="bbox 223 2990 1350 3077; baseline 0.001 -22"><span class='ocrx_word' id='word_1_240' title='bbox 223 2991 415 3074; x_wconf 72' lang='lat' dir='ltr'><strong>medicinali.⁴</strong></span> <span class='ocrx_word' id='word_1_241' title='bbox 469 2990 519 3050; x_wconf 79' lang='lat' dir='ltr'><strong>Ex</strong></span> <span class='ocrx_word' id='word_1_242' title='bbox 537 2991 593 3051; x_wconf 91' lang='lat' dir='ltr'><strong>illo</strong></span> <span class='ocrx_word' id='word_1_243' title='bbox 615 2992 763 3072; x_wconf 83' lang='lat' dir='ltr'><strong>Rapiario</strong></span> <span class='ocrx_word' id='word_1_244' title='bbox 796 2994 957 3057; x_wconf 76' lang='lat' dir='ltr'><strong>enucleavi</strong></span> <span class='ocrx_word' id='word_1_245' title='bbox 978 2991 1057 3058; x_wconf 80' lang='lat' dir='ltr'><strong>milri</strong></span> <span class='ocrx_word' id='word_1_246' title='bbox 1079 3013 1173 3057; x_wconf 82' lang='lat' dir='ltr'><strong>unam</strong></span> <span class='ocrx_word' id='word_1_247' title='bbox 1195 2999 1350 3077; x_wconf 82' lang='lat' dir='ltr'><strong>quaestio-</strong></span> 
     </span>
     <span class='ocr_line' id='line_1_28' title="bbox 224 3089 1348 3177; baseline 0.004 -22"><span class='ocrx_word' id='word_1_248' title='bbox 224 3111 296 3155; x_wconf 89' lang='lat' dir='ltr'><strong>nem</strong></span> <span class='ocrx_word' id='word_1_249' title='bbox 319 3109 389 3150; x_wconf 88' lang='lat' dir='ltr'><strong>cum</strong></span> <span class='ocrx_word' id='word_1_250' title='bbox 411 3089 474 3149; x_wconf 78' lang='lat' dir='ltr'><strong>suis</strong></span> <span class='ocrx_word' id='word_1_251' title='bbox 493 3089 680 3150; x_wconf 73' lang='lat' dir='ltr'><strong>notabilibus</strong></span> <span class='ocrx_word' id='word_1_252' title='bbox 707 3099 738 3150; x_wconf 91' lang='lat' dir='ltr'><strong>et</strong></span> <span class='ocrx_word' id='word_1_253' title='bbox 765 3094 954 3172; x_wconf 72' lang='lat' dir='ltr'><strong>argumentis</strong></span> <span class='ocrx_word' id='word_1_254' title='bbox 983 3109 1041 3177; x_wconf 85' lang='lat' dir='ltr'><strong>pro</strong></span> <span class='ocrx_word' id='word_1_255' title='bbox 1062 3105 1093 3159; x_wconf 86' lang='lat' dir='ltr'><strong>et</strong></span> <span class='ocrx_word' id='word_1_256' title='bbox 1113 3107 1235 3165; x_wconf 86' lang='lat' dir='ltr'><strong>contra,</strong></span> <span class='ocrx_word' id='word_1_257' title='bbox 1275 3111 1348 3159; x_wconf 86' lang='lat' dir='ltr'><strong>cum</strong></span> 
     </span>
     <span class='ocr_line' id='line_1_29' title="bbox 173 3185 1349 3279; baseline 0.003 -27"><span class='ocrx_word' id='word_1_258' title='bbox 173 3216 202 3279; x_wconf 30' lang='lat' dir='ltr'><strong>„s</strong></span> <span class='ocrx_word' id='word_1_259' title='bbox 224 3192 335 3274; x_wconf 67' lang='lat' dir='ltr'><strong>quibus</strong></span> <span class='ocrx_word' id='word_1_260' title='bbox 355 3185 443 3250; x_wconf 91' lang='lat' dir='ltr'><strong>volui</strong></span> <span class='ocrx_word' id='word_1_261' title='bbox 465 3197 599 3249; x_wconf 83' lang='lat' dir='ltr'><strong>armatus</strong></span> <span class='ocrx_word' id='word_1_262' title='bbox 619 3189 728 3250; x_wconf 86' lang='lat' dir='ltr'><strong>venire</strong></span> <span class='ocrx_word' id='word_1_263' title='bbox 749 3199 855 3252; x_wconf 88' lang='lat' dir='ltr'><strong>contra</strong></span> <span class='ocrx_word' id='word_1_264' title='bbox 873 3192 980 3268; x_wconf 78' lang='lat' dir='ltr'><strong>illurn,</strong></span> <span class='ocrx_word' id='word_1_265' title='bbox 1013 3214 1104 3274; x_wconf 86' lang='lat' dir='ltr'>quem</span> <span class='ocrx_word' id='word_1_266' title='bbox 1124 3196 1265 3257; x_wconf 81' lang='lat' dir='ltr'><strong>dicebant</strong></span> <span class='ocrx_word' id='word_1_267' title='bbox 1284 3203 1349 3256; x_wconf 83' lang='lat' dir='ltr'><strong>tam</strong></span> 
     </span>
     <span class='ocr_line' id='line_1_30' title="bbox 223 3283 1348 3372; baseline 0.004 -20"><span class='ocrx_word' id='word_1_268' title='bbox 223 3289 417 3352; x_wconf 72' lang='lat' dir='ltr'><strong>scientiouurn</strong></span> <span class='ocrx_word' id='word_1_269' title='bbox 428 3327 438 3360; x_wconf 92' lang='lat'><strong>,</strong></span> <span class='ocrx_word' id='word_1_270' title='bbox 473 3297 650 3368; x_wconf 71' lang='lat' dir='ltr'><strong>utpossem</strong></span> <span class='ocrx_word' id='word_1_271' title='bbox 670 3297 773 3348; x_wconf 81' lang='lat' dir='ltr'><strong>tamen</strong></span> <span class='ocrx_word' id='word_1_272' title='bbox 795 3283 1017 3372; x_wconf 75' lang='lat' dir='ltr'><strong>experientiam</strong></span> <span class='ocrx_word' id='word_1_273' title='bbox 1033 3293 1156 3370; x_wconf 61' lang='lat' dir='ltr'><strong>ficere,</strong></span> <span class='ocrx_word' id='word_1_274' title='bbox 1169 3357 1175 3364; x_wconf 16' lang='lat'><strong>1,</strong></span> <span class='ocrx_word' id='word_1_275' title='bbox 1192 3309 1232 3354; x_wconf 86' lang='lat' dir='ltr'><strong>an</strong></span> <span class='ocrx_word' id='word_1_276' title='bbox 1254 3297 1348 3356; x_wconf 86' lang='lat' dir='ltr'><strong>ctiam</strong></span> 
     </span>
     <span class='ocr_line' id='line_1_31' title="bbox 223 3383 1348 3474; baseline 0.006 -25"><span class='ocrx_word' id='word_1_277' title='bbox 223 3383 340 3470; x_wconf 85' lang='lat' dir='ltr'><strong>aliquid</strong></span> <span class='ocrx_word' id='word_1_278' title='bbox 359 3386 435 3447; x_wconf 84' lang='lat' dir='ltr'><strong>eciat</strong></span> <span class='ocrx_word' id='word_1_279' title='bbox 453 3384 487 3445; x_wconf 86' lang='lat' dir='ltr'><strong>in</strong></span> <span class='ocrx_word' id='word_1_280' title='bbox 510 3386 663 3446; x_wconf 84' lang='lat' dir='ltr'><strong>medicina</strong></span> <span class='ocrx_word' id='word_1_281' title='bbox 683 3388 735 3448; x_wconf 87' lang='lat' dir='ltr'><strong>vel</strong></span> <span class='ocrx_word' id='word_1_282' title='bbox 753 3404 827 3447; x_wconf 92' lang='lat' dir='ltr'><strong>non.</strong></span> <span class='ocrx_word' id='word_1_283' title='bbox 889 3387 968 3451; x_wconf 85' lang='lat' dir='ltr'><strong>Cum</strong></span> <span class='ocrx_word' id='word_1_284' title='bbox 994 3391 1090 3474; x_wconf 83' lang='lat' dir='ltr'><strong>igitur</strong></span> <span class='ocrx_word' id='word_1_285' title='bbox 1114 3394 1260 3454; x_wconf 73' lang='lat' dir='ltr'><strong>dixissem</strong></span> <span class='ocrx_word' id='word_1_286' title='bbox 1286 3396 1348 3456; x_wconf 89' lang='lat' dir='ltr'><strong>hoc</strong></span> 
     </span>
    </p>
   </div>
   <div class='ocr_carea' id='block_1_6' title="bbox 131 3484 1348 3568">
    <p class='ocr_par' dir='ltr' id='par_1_6' title="bbox 131 3484 1348 3568">
     <span class='ocr_line' id='line_1_32' title="bbox 131 3484 1348 3568; baseline 0.002 -16"><span class='ocrx_word' id='word_1_287' title='bbox 131 3549 136 3566; x_wconf 68' lang='lat'><strong>,</strong></span> <span class='ocrx_word' id='word_1_288' title='bbox 223 3489 321 3552; x_wconf 87' lang='lat' dir='ltr'><strong>amico</strong></span> <span class='ocrx_word' id='word_1_289' title='bbox 341 3504 427 3558; x_wconf 86' lang='lat' dir='ltr'><strong>meo,</strong></span> <span class='ocrx_word' id='word_1_290' title='bbox 453 3484 586 3546; x_wconf 83' lang='lat' dir='ltr'><strong>instituit</strong></span> <span class='ocrx_word' id='word_1_291' title='bbox 604 3484 799 3546; x_wconf 87' lang='lat' dir='ltr'><strong>collationem</strong></span> <span class='ocrx_word' id='word_1_292' title='bbox 822 3489 988 3568; x_wconf 84' lang='lat' dir='ltr'><strong>optimam,</strong></span> <span class='ocrx_word' id='word_1_293' title='bbox 1024 3502 1055 3551; x_wconf 86' lang='lat' dir='ltr'><strong>et</strong></span> <span class='ocrx_word' id='word_1_294' title='bbox 1074 3492 1221 3554; x_wconf 77' lang='lat' dir='ltr'><strong>invitavit</strong></span> <span class='ocrx_word' id='word_1_295' title='bbox 1240 3493 1348 3554; x_wconf 85' lang='lat' dir='ltr'>Theo-</span> 
     </span>
    </p>
   </div>
   <div class='ocr_carea' id='block_1_7' title="bbox 222 3580 1347 3672">
    <p class='ocr_par' dir='ltr' id='par_1_7' title="bbox 222 3580 1347 3672">
     <span class='ocr_line' id='line_1_33' title="bbox 222 3580 1347 3672; baseline 0.007 -24"><span class='ocrx_word' id='word_1_296' title='bbox 222 3589 308 3670; x_wconf 82' lang='lat' dir='ltr'><strong>logoa</strong></span> <span class='ocrx_word' id='word_1_297' title='bbox 328 3580 549 3667; x_wconf 73' lang='lat' dir='ltr'><strong>speculativos,</strong></span> <span class='ocrx_word' id='word_1_298' title='bbox 569 3583 695 3646; x_wconf 78' lang='lat' dir='ltr'><strong>luriotaa</strong></span> <span class='ocrx_word' id='word_1_299' title='bbox 714 3585 992 3666; x_wconf 69' lang='lat' dir='ltr'><strong>splendidissimos,</strong></span> <span class='ocrx_word' id='word_1_300' title='bbox 1020 3601 1052 3648; x_wconf 86' lang='lat' dir='ltr'><strong>et</strong></span> <span class='ocrx_word' id='word_1_301' title='bbox 1072 3604 1122 3650; x_wconf 83' lang='lat' dir='ltr'><strong>mo</strong></span> <span class='ocrx_word' id='word_1_302' title='bbox 1140 3590 1228 3672; x_wconf 76' lang='lat' dir='ltr'><strong>qnasi</strong></span> <span class='ocrx_word' id='word_1_303' title='bbox 1247 3614 1347 3656; x_wconf 87' lang='lat' dir='ltr'><strong>unum</strong></span> 
     </span>
    </p>
   </div>
   <div class='ocr_carea' id='block_1_8' title="bbox 220 3734 428 3756">
    <p class='ocr_par' dir='ltr' id='par_1_8' title="bbox 220 3734 428 3756">
     <span class='ocr_line' id='line_1_34' title="bbox 220 3734 428 3756; baseline 0.005 0"><span class='ocrx_word' id='word_1_304' title='bbox 220 3734 428 3756; x_wconf 51' lang='lat' dir='ltr'><strong>utana-⁸¹*</strong></span> 
     </span>
    </p>
   </div>
   <div class='ocr_carea' id='block_1_9' title="bbox 217 3807 1347 4302">
    <p class='ocr_par' dir='ltr' id='par_1_9' title="bbox 217 3807 1347 4302">
     <span class='ocr_line' id='line_1_35' title="bbox 287 3807 1347 3888; baseline 0.01 -25"><span class='ocrx_word' id='word_1_305' title='bbox 287 3814 314 3880; x_wconf 70' lang='lat' dir='ltr'><strong>a)</strong></span> <span class='ocrx_word' id='word_1_306' title='bbox 333 3811 430 3866; x_wconf 80' lang='lat' dir='ltr'><strong>Dieoer</strong></span> <span class='ocrx_word' id='word_1_307' title='bbox 445 3810 537 3882; x_wconf 85' lang='lat' dir='ltr'><strong>ltriei,</strong></span> <span class='ocrx_word' id='word_1_308' title='bbox 555 3831 586 3866; x_wconf 77' lang='lat' dir='ltr'><strong>ao</strong></span> <span class='ocrx_word' id='word_1_309' title='bbox 600 3813 655 3868; x_wconf 70' lang='lat' dir='ltr'><strong>nie</strong></span> <span class='ocrx_word' id='word_1_310' title='bbox 670 3815 725 3869; x_wconf 86' lang='lat' dir='ltr'><strong>alle</strong></span> <span class='ocrx_word' id='word_1_311' title='bbox 738 3813 886 3887; x_wconf 75' lang='lat' dir='ltr'><strong>folgenden</strong></span> <span class='ocrx_word' id='word_1_312' title='bbox 899 3815 955 3869; x_wconf 85' lang='lat' dir='ltr'><strong>und</strong></span> <span class='ocrx_word' id='word_1_313' title='bbox 969 3815 1020 3870; x_wconf 85' lang='lat' dir='ltr'><strong>der</strong></span> <span class='ocrx_word' id='word_1_314' title='bbox 1036 3807 1166 3888; x_wconf 78' lang='lat' dir='ltr'><strong>Dialogus</strong></span> <span class='ocrx_word' id='word_1_315' title='bbox 1183 3837 1266 3876; x_wconf 78' lang='lat' dir='ltr'><strong>novus</strong></span> <span class='ocrx_word' id='word_1_316' title='bbox 1284 3823 1347 3874; x_wconf 84' lang='lat' dir='ltr'><strong>sind</strong></span> 
     </span>
     <span class='ocr_line' id='line_1_36' title="bbox 221 3897 1347 3969; baseline 0.004 -15"><span class='ocrx_word' id='word_1_317' title='bbox 221 3898 332 3954; x_wconf 76' lang='lat' dir='ltr'><strong>Zuoitrc</strong></span> <span class='ocrx_word' id='word_1_318' title='bbox 352 3897 473 3965; x_wconf 76' lang='lat' dir='ltr'><strong>sptterer</strong></span> <span class='ocrx_word' id='word_1_319' title='bbox 490 3899 648 3967; x_wconf 79' lang='lat' dir='ltr'><strong>Auegcbcn,</strong></span> <span class='ocrx_word' id='word_1_320' title='bbox 665 3903 721 3952; x_wconf 87' lang='lat' dir='ltr'><strong>und</strong></span> <span class='ocrx_word' id='word_1_321' title='bbox 739 3901 798 3953; x_wconf 86' lang='lat' dir='ltr'><strong>ihre</strong></span> <span class='ocrx_word' id='word_1_322' title='bbox 812 3900 970 3969; x_wconf 80' lang='lat' dir='ltr'><strong>Veriaooer,</strong></span> <span class='ocrx_word' id='word_1_323' title='bbox 1009 3918 1040 3953; x_wconf 80' lang='lat' dir='ltr'><strong>aa</strong></span> <span class='ocrx_word' id='word_1_324' title='bbox 1064 3903 1114 3956; x_wconf 83' lang='lat' dir='ltr'><strong>wie</strong></span> <span class='ocrx_word' id='word_1_325' title='bbox 1137 3905 1182 3956; x_wconf 79' lang='lat' dir='ltr'><strong>dic</strong></span> <span class='ocrx_word' id='word_1_326' title='bbox 1201 3908 1347 3958; x_wconf 72' lang='lat' dir='ltr'><strong>Vernulas-</strong></span> 
     </span>
     <span class='ocr_line' id='line_1_37' title="bbox 220 3976 1346 4050; baseline 0.008 -16"><span class='ocrx_word' id='word_1_327' title='bbox 220 3999 322 4050; x_wconf 73' lang='lat' dir='ltr'><strong>sungen</strong></span> <span class='ocrx_word' id='word_1_328' title='bbox 337 3981 500 4033; x_wconf 83' lang='lat' dir='ltr'><strong>unbekannt.</strong></span> <span class='ocrx_word' id='word_1_329' title='bbox 533 3981 607 4033; x_wconf 81' lang='lat' dir='ltr'><strong>Aller</strong></span> <span class='ocrx_word' id='word_1_330' title='bbox 622 3976 914 4036; x_wconf 78' lang='lat' dir='ltr'><strong>Wahracheinliobkeit</strong></span> <span class='ocrx_word' id='word_1_331' title='bbox 930 3983 999 4036; x_wconf 86' lang='lat' dir='ltr'><strong>nach</strong></span> <span class='ocrx_word' id='word_1_332' title='bbox 1017 3986 1129 4039; x_wconf 79' lang='lat' dir='ltr'><strong>rtihrten</strong></span> <span class='ocrx_word' id='word_1_333' title='bbox 1147 3989 1188 4040; x_wconf 79' lang='lat' dir='ltr'><strong>oie</strong></span> <span class='ocrx_word' id='word_1_334' title='bbox 1207 4007 1260 4041; x_wconf 86' lang='lat' dir='ltr'><strong>von</strong></span> <span class='ocrx_word' id='word_1_335' title='bbox 1273 3990 1346 4043; x_wconf 86' lang='lat' dir='ltr'><strong>noch</strong></span> 
     </span>
     <span class='ocr_line' id='line_1_38' title="bbox 219 4063 1345 4126; baseline 0.004 -6"><span class='ocrx_word' id='word_1_336' title='bbox 219 4065 353 4120; x_wconf 85' lang='lat' dir='ltr'><strong>lebendeu</strong></span> <span class='ocrx_word' id='word_1_337' title='bbox 369 4063 556 4118; x_wconf 79' lang='lat' dir='ltr'><strong>Mitnrbeitern</strong></span> <span class='ocrx_word' id='word_1_338' title='bbox 580 4079 614 4117; x_wconf 77' lang='lat' dir='ltr'><strong>nu</strong></span> <span class='ocrx_word' id='word_1_339' title='bbox 634 4065 695 4118; x_wconf 85' lang='lat' dir='ltr'><strong>dem</strong></span> <span class='ocrx_word' id='word_1_340' title='bbox 711 4068 786 4120; x_wconf 80' lang='lat' dir='ltr'><strong>laten</strong></span> <span class='ocrx_word' id='word_1_341' title='bbox 803 4068 858 4121; x_wconf 91' lang='lat' dir='ltr'><strong>und</strong></span> <span class='ocrx_word' id='word_1_342' title='bbox 875 4067 939 4119; x_wconf 62' lang='lat' dir='ltr'><strong>itan</strong></span> <span class='ocrx_word' id='word_1_343' title='bbox 957 4068 1053 4122; x_wconf 87' lang='lat' dir='ltr'><strong>Thcile</strong></span> <span class='ocrx_word' id='word_1_344' title='bbox 1066 4069 1126 4126; x_wconf 85' lang='lat' dir='ltr'>her.</span> <span class='ocrx_word' id='word_1_345' title='bbox 1179 4074 1232 4124; x_wconf 85' lang='lat' dir='ltr'><strong>Dic</strong></span> <span class='ocrx_word' id='word_1_346' title='bbox 1250 4075 1345 4126; x_wconf 86' lang='lat' dir='ltr'><strong>Editio</strong></span> 
     </span>
     <span class='ocr_line' id='line_1_39' title="bbox 219 4145 1347 4224; baseline 0.007 -23"><span class='ocrx_word' id='word_1_347' title='bbox 219 4147 335 4202; x_wconf 77' lang='lat' dir='ltr'><strong>secunda</strong></span> <span class='ocrx_word' id='word_1_348' title='bbox 348 4145 472 4198; x_wconf 78' lang='lat' dir='ltr'><strong>soblieoat</strong></span> <span class='ocrx_word' id='word_1_349' title='bbox 488 4148 537 4198; x_wconf 80' lang='lat' dir='ltr'><strong>init</strong></span> <span class='ocrx_word' id='word_1_350' title='bbox 560 4147 621 4200; x_wconf 83' lang='lat' dir='ltr'><strong>dem</strong></span> <span class='ocrx_word' id='word_1_351' title='bbox 644 4151 792 4208; x_wconf 77' lang='lat' dir='ltr'><strong>schreiboo</strong></span> <span class='ocrx_word' id='word_1_352' title='bbox 811 4153 860 4206; x_wconf 75' lang='lat' dir='ltr'><strong>don</strong></span> <span class='ocrx_word' id='word_1_353' title='bbox 876 4151 1036 4224; x_wconf 76' lang='lat' dir='ltr'><strong>Vilipatiut,</strong></span> <span class='ocrx_word' id='word_1_354' title='bbox 1057 4155 1124 4220; x_wconf 83' lang='lat' dir='ltr'><strong>wia,</strong></span> <span class='ocrx_word' id='word_1_355' title='bbox 1149 4157 1220 4210; x_wconf 87' lang='lat' dir='ltr'><strong>nach</strong></span> <span class='ocrx_word' id='word_1_356' title='bbox 1238 4159 1347 4210; x_wconf 73' lang='lat' dir='ltr'><strong>Ebert’s</strong></span> 
     </span>
     <span class='ocr_line' id='line_1_40' title="bbox 217 4229 693 4302; baseline 0.004 -19"><span class='ocrx_word' id='word_1_357' title='bbox 217 4230 343 4302; x_wconf 75' lang='lat' dir='ltr'><strong>Angebc,</strong></span> <span class='ocrx_word' id='word_1_358' title='bbox 361 4229 406 4280; x_wconf 77' lang='lat' dir='ltr'><strong>die</strong></span> <span class='ocrx_word' id='word_1_359' title='bbox 424 4230 515 4284; x_wconf 78' lang='lat' dir='ltr'><strong>Editio</strong></span> <span class='ocrx_word' id='word_1_360' title='bbox 530 4231 625 4302; x_wconf 77' lang='lat' dir='ltr'><strong>prima.</strong></span> <span class='ocrx_word' id='word_1_361' title='bbox 688 4277 693 4285; x_wconf 91' lang='lat'><em>.</em></span> 
     </span>
    </p>
   </div>
   <div class='ocr_carea' id='block_1_10' title="bbox 0 0 1440 4722">
    <p class='ocr_par' dir='ltr' id='par_1_10' title="bbox 0 0 1440 4722">
     <span class='ocr_line' id='line_1_41' title="bbox 0 0 1440 4722; baseline 0 2"><span class='ocrx_word' id='word_1_362' title='bbox 0 0 1440 4722; x_wconf 95' lang='lat' dir='ltr'><strong> </strong></span> 
     </span>
    </p>
   </div>
  </div>
 </body>
</html>
