2896 4716
402 311 677 384 osseus,
718 313 943 380 wiron.
1169 303 1269 382 1ss'

105 467 180 554 quis
197 467 302 532 statim
322 466 453 547 cognovi
472 467 577 530 stilum
597 486 706 544 suum,
742 467 834 532 etism
853 469 937 556 reio,
973 471 1057 554 qnod
1081 469 1147 554 ipse
1166 473 1230 534 Or-

105 570 212 632 tuinus
233 578 278 628 est
299 568 339 630 de
357 569 439 630 bona
457 567 625 655 progenie,
656 565 774 633 scilicet
803 569 1007 644 sacerdotali,
1041 570 1096 632 sed
1124 569 1230 630 dicatis

106 666 186 728 mihi
204 685 315 749 unum.
377 667 442 726 Vos
471 665 589 728 hebetis
615 664 721 740 fateri,
755 667 839 746 quod
867 667 1066 730 Plefferkorn
1091 687 1155 730 non
1175 668 1232 729 scit
1326 733 1330 758 ι

105 765 315 846 Alphabetum
336 761 495 826 Latinum.
535 764 622 824 Etsi
643 785 708 828 non
728 763 784 824 soit
804 764 1029 846 Alphnhetum,
1054 766 1152 828 multo
1170 767 1232 826 mi-

106 884 167 926 nus
188 864 246 924 soit
264 864 380 946 legere..
417 861 458 922 Et
478 860 505 920 si
525 881 589 922 non
605 862 662 924 seit
682 863 800 942 legere,
820 865 919 924 multo
940 862 1043 924 minus
1063 863 1120 928 scit
1138 864 1232 927 intel·

107 963 212 1044 ligere.
253 962 339 1022 Etsi
359 981 423 1032 nou
442 959 499 1020 scit
520 959 704 1036 intelligere,
724 960 822 1024 multo
840 961 941 1022 minus
953 961 1088 1024 scribere
1100 971 1131 1026 et
1147 983 1233 1024 com·
1289 965 1292 974 ’

106 1065 234 1140 ponere.
274 1059 315 1122 Et
333 1061 362 1124 si
383 1079 449 1122 non
467 1057 524 1122 scit
543 1058 660 1135 legere,
697 1077 799 1138 neque
816 1059 1005 1140 intelligere,
1034 1079 1136 1143 neque
1156 1060 1234 1126 seri·

106 1161 200 1234 bere,
229 1160 328 1220 multo
349 1159 451 1220 minus
478 1156 536 1218 scit
565 1155 721 1238 disputare
742 1157 780 1216 de
800 1157 865 1218 istis
886 1157 1133 1236 quaestionibus,
1160 1180 1234 1239 quas

107 1278 200 1320 nemo
214 1267 315 1340 potest
334 1277 457 1341 sapere,
475 1253 539 1318 ,nisi
551 1253 591 1315 sit
605 1253 866 1336 profundissimus
884 1256 1034 1320 literatus.
1092 1259 1234 1338 Quomo-

106 1355 147 1415 do
168 1375 240 1436 ergo
262 1369 307 1416 est
327 1354 489 1436 possibile,
513 1351 594 1432 quod
614 1352 680 1432 ipse
700 1353 872 1432 composuit
891 1353 972 1414 hauc
991 1355 1160 1430 materiam,
1182 1357 1235 1438 uel

105 1454 219 1528 latine,
240 1453 293 1516 vel
311 1452 466 1514 teutonice
473 1451 557 1527 ,vel
577 1448 745 1510 hebraice?
802 1451 977 1532 Respondi,
1005 1454 1089 1534 quod
1108 1455 1235 1518 videtur

104 1551 205 1625 mihi,
246 1552 329 1633 quod
350 1550 551 1618 Pfefferkorn
571 1545 663 1611 habet
682 1547 726 1610 ita
745 1547 956 1614 illuminatum
984 1552 1177 1614 intellectum
1202 1564 1235 1615 et
1282 1547 1284 1551 ’

104 1649 150 1710 itu
169 1670 260 1730 saepe
281 1650 398 1712 audivit
417 1651 507 1710 istam
523 1647 701 1722 materiam,
739 1648 821 1728 quod
841 1648 1005 1728 adjuvante
1022 1651 1112 1726 Deo,
1146 1661 1177 1716 et
1191 1635 1235 1713 ¹eir

104 1747 259 1808 instinctu
280 1749 411 1828 Spiritus
432 1746 551 1820 Sancti,
588 1746 666 1806 bene
694 1754 795 1828 potest
816 1744 973 1828 disputare
993 1748 1133 1830 desuper.
1194 1751 1235 1812 Et

105 1866 201 1906 cuum
228 1845 283 1906 illu
309 1857 353 1908 est
375 1849 419 1907 ita
452 1845 570 1920 facilis,
612 1844 696 1924 quod
723 1843 880 1906 Reuchlin
906 1855 1009 1926 posset
1035 1847 1121 1910 vinci
1140 1847 1175 1908 in
1198 1869 1235 1910 ea

105 1945 217 2019 etism,
230 1965 289 2024 per
313 1965 445 2007 uxorem
471 1942 692 2004 Pfefferkorni.
754 1941 845 2005 Dixit
863 1943 1028 2024 plebanus:
1049 1947 1168 2010 Verum
1189 1957 1235 2012 est

105 2041 183 2104 hoe:
204 2042 276 2123 quia
296 2044 401 2118 eredo,
420 2042 504 2123 quod
524 2061 654 2102 uxorem
674 2041 800 2104 loannis
820 2043 1020 2106 Pfefferkorn
1036 2065 1106 2111 ,non
1126 2047 1235 2108 vince·

105 2154 177 2204 rent
196 2141 334 2222 quinquo
359 2139 489 2219 juvenes
514 2139 656 2220 quadrati
683 2141 790 2202 rustici
821 2161 861 2202 ex
880 2141 1090 2222 Westphulise
1134 2146 1233 2208 multo

104 2242 207 2300 minus
225 2240 334 2300 Jonnn.
349 2236 521 2312 Reuohlin,
542 2238 596 2318 qui
618 2250 664 2301 est
681 2259 777 2304 sonex
796 2249 827 2300 et
844 2239 976 2314 debilis,
997 2252 1029 2299 et
1045 2261 1104 2320 per
1124 2262 1234 2304 eonse-
1256 2281 1261 2288 .

106 2359 202 2420 quens
222 2338 375 2418 impotens
393 2337 516 2418 poterit
528 2357 596 2398 eum
618 2337 753 2399 vincere.
794 2337 856 2398 Sed
875 2336 982 2412 miror,
1004 2340 1086 2418 quod
1106 2342 1233 2402 sanctis-

104 2438 200 2500 simus
227 2437 382 2496 Dominus
412 2437 496 2516 Papa
533 2446 564 2493 et
593 2434 685 2496 etism
714 2436 887 2516 Imperator
910 2446 1016 2498 noster
1048 2439 1234 2520 permittunt

105 2546 193 2596 tanta
212 2534 355 2594 scandalo
378 2532 447 2595 fieri
466 2554 525 2616 per
545 2532 638 2614 istum
659 2534 820 2594 Judaioum
842 2533 1012 2610 Bufonem,
1039 2537 1123 2616 quod
1144 2537 1234 2598 debet

102 2648 187 2696 stare
207 2633 242 2693 in
263 2633 333 2692 loco
353 2653 455 2702 sacro,
486 2641 518 2692 et
535 2633 715 2712 praedicare
734 2633 869 2714 populo,
898 2644 929 2691 st
949 2632 1022 2694 dare
1042 2636 1233 2696 benedictio-

103 2754 193 2806 nem,
228 2741 259 2792 et
278 2732 379 2792 faeere
398 2731 490 2805 talis,
528 2750 606 2808 quae
625 2731 653 2790 si
670 2733 786 2792 faceret
805 2751 886 2793 unus
905 2729 1018 2806 lucus,
1051 2734 1105 2812 qui
1125 2733 1234 2794 fuisset

104 2851 225 2914 semper
248 2829 455 2897 Christianus,
488 2841 591 2889 tumen
621 2830 705 2891 nihil
724 2830 799 2890 boni
819 2829 998 2892 deberemus
1026 2831 1176 2912 suspicari
1194 2834 1233 2916 de

104 2951 157 3004 eo,
180 2928 280 2988 multo
303 2927 406 2988 minus
429 2927 467 2989 de
487 2927 602 2988 Judseo
623 2929 794 3011 baptizato,
826 2927 880 3008 qui
900 2947 965 2990 non
985 2929 1077 2992 debet
1096 2931 1233 3012 probari,

104 3028 187 3108 quod
207 3025 306 3088 luerit
327 3027 425 3087 honus
445 3023 654 3101 Christianus,
688 3027 749 3086 nisi
770 3037 999 3108 postmortem.
1060 3029 1148 3088 Etsi
1168 3047 1232 3090 non

103 3127 251 3188 deberent
271 3122 333 3184 hoe
353 3126 434 3206 pati,
467 3125 565 3185 multo
586 3126 689 3186 minus
710 3126 857 3186 deberent
876 3127 958 3210 pati,
993 3128 1077 3209 quod
1096 3127 1163 3208 ipse
1182 3129 1232 3190 in-

102 3225 289 3286 tromitteret
301 3244 334 3282 se
349 3223 383 3282 in
404 3222 621 3301 disputationes
642 3224 887 3284 doctissimorum
907 3225 1062 3298 virorum,
1091 3234 1123 3284 et
1144 3245 1233 3286 sesn-

101 3321 251 3382 dalizaret
271 3320 499 3386 honestissimos
520 3323 612 3384 viros.
653 3323 723 3403 Ipse
743 3324 868 3384 deberet
885 3323 1031 3402 suspendi
1053 3341 1124 3382 eum
1144 3323 1232 3384 libris
1319 3318 1324 3327 ⁸

102 3430 133 3482 et
152 3419 303 3479 scandalis
324 3421 405 3497 suis,
450 3422 530 3483 sicut
549 3421 605 3482 diu
628 3422 748 3482 metuit
820 3419 992 3501 Respondi,
1036 3421 1120 3501 quod
1139 3442 1233 3502 prae·

102 3518 215 3580 dicutio
234 3519 360 3578 loannis
380 3519 579 3580 Pfefferkoru
599 3521 747 3580 nonfuit
775 3517 976 3600 pontificalis,
1009 3518 1063 3577 sed
1089 3519 1153 3580 fuit
1171 3521 1233 3582 lai·

101 3619 193 3693 calis,
221 3627 253 3678 et
272 3618 406 3698 simplex
425 3617 602 3678 instructio:
631 3617 684 3678 sed
704 3617 743 3676 de
761 3617 850 3677 libris
870 3616 935 3695 ejus
955 3616 1155 3678 manifestum
1177 3627 1232 3706 est,

102 3717 187 3798 qnod
208 3716 275 3798 ipse
296 3715 434 3776 defendit
452 3736 485 3776 se
506 3728 611 3777 contra
630 3719 778 3778 loannem
799 3714 970 3783 Reuchliu,
991 3717 1046 3794 qui
1062 3716 1233 3802 parvipen-

102 3816 150 3882 dit
170 3836 251 3876 eum.
291 3816 331 3875 Et
350 3815 384 3875 in
405 3815 537 3896 Speculo
558 3836 614 3877 suo
635 3814 772 3876 manuali
793 3811 920 3892 corrigit
941 3811 1124 3891 injustitiam
1137 3814 1233 3874 ioan·

101 3913 152 3972 nis
163 3912 328 3973 Renchlin.
368 3914 510 3996 Ethuod
531 3914 571 3974 sit
591 3915 690 3974 bonus
712 3911 923 3984 Christianus,
959 3912 1172 3992 praesumitur
1188 3913 1229 3972 e'x

101 4009 185 4088 hoo,
205 4011 307 4092 qnod,
326 4011 352 4068 si
372 4032 435 4072 nou
455 4033 576 4094 semper
596 4022 734 4074 maneret
748 4013 845 4080 bonus
862 4008 1065 4082 Christianus,
1088 4011 1154 4090 ipse
1169 4031 1233 4071 non

100 4119 181 4170 esset
200 4110 244 4169 ita
264 4109 363 4170 iratus
382 4099 629 4189 snper'ludseos
652 4124 683 4172 et
712 4112 828 4170 faceret
851 4109 894 4168 eis
913 4117 998 4169 tants
1011 4108 1102 4166 melu.
1141 4109 1233 4170 Dixit

97 4210 265 4292 plebanus:
287 4207 433 4298 Scribere·
448 4227 502 4268 sen
523 4228 708 4290 componere
721 4209 818 4272 libros
830 4217 875 4270 est
895 4229 958 4270 una
978 4205 1175 4290 magnares,
1202 4220 1234 4268 et

953 4301 1018 4368 13*
1077 4303 1130 4362 .'
