2846 4716
208 339 274 410 sos
319 325 322 328 ’
379 367 386 385 ,
448 339 608 406 onemo
629 343 687 404 nn
706 339 902 404 vmrurs·
916 337 1138 405 cnsuuu

209 497 311 582 gulam
336 499 485 578 venratist
513 500 540 561 si
568 500 706 562 autoritas
732 499 900 580 quaeritur,
929 500 1022 576 major
1047 514 1091 561 est
1122 501 1227 578 orbis,
1255 521 1336 581 quam

143 647 146 652 -
208 602 302 668 urbis,
345 602 526 681 Ubicunque
547 602 643 668 fuerit,
660 601 847 684 Episcopus,
868 602 934 662 sive
954 601 1087 679 Romae,
1110 603 1179 663 sive
1200 603 1336 682 Eugubii‚

209 702 277 764 sive
300 699 575 783 Constantinopoli,
610 702 745 778 ejusdem
772 703 887 779 metiti,
923 703 1062 777 ejusdem
1082 717 1137 763 'est
1165 701 1336 764 sacerdotii.

209 801 326 870 ,Omnes
346 801 560 885 Apostolorum
580 825 766 866 successores
787 805 867 864 sunt.
910 803 993 866 Hinc
1014 817 1112 864 ortum
1132 803 1247 878 habet,
1278 823 1337 862 om·

209 925 264 965 nes
284 905 453 986 Episcopus
483 903 617 966 eiusdem
639 926 711 964 esse
731 905 909 982 autoritatis,
941 903 1044 966 nullus
1065 905 1176 980 major,
1197 924 1257 964 nec
1277 908 1337 962 Pc-

209 1020 279 1080 trus
297 1003 450 1086 Apostolis
471 1006 599 1066 caeteris
612 1006 798 1088 praepositus
820 1005 887 1066 fuit.
916 1005 987 1065 Hoc
1009 1007 1113 1086 utique
1134 1005 1336 1065 caeteri'erant

209 1104 368 1187 Apostoli,
397 1105 479 1185 quod
503 1111 638 1180 Petrus,
675 1106 739 1188 pori
764 1105 914 1167 consortio
941 1105 1068 1186 praediti
1098 1119 1127 1166 et
1154 1105 1286 1168 honoris
1314 1117 1340 1162 et

207 1207 380 1288 potestatis,
393 1205 484 1290 ,qnod
496 1205 679 1290 evangelica
700 1227 755 1276 nos
778 1204 1026 1294 decept'soripts,
1051 1207 1195 1268 omnibus
1214 1219 1338 1266 servator

208 1319 312 1368 noster
330 1327 433 1388 parem
450 1306 533 1366 dedit
554 1319 748 1388 potestatem,
767 1309 927 1371 Matthaei
941 1308 1058 1368 decimo
1075 1322 1204 1368 octavo:
1247 1303 1336 1364 Arnen

209 1408 279 1470 dico
302 1409 410 1484 vobis,
438 1426 635 1486 quaecunque
658 1407 849 1490 alligaveritis
865 1415 963 1490 *super
984 1422 1108 1485 terram,
1138 1420 1234 1468 erunt
1254 1406 1336 1486 ligata

207 1511 241 1572 in
265 1507 368 1585 coelo,
399 1523 429 1569 et
450 1529 643 1588 quaecunque
668 1507 819 1570 solveritis
837 1523 1067 1590 superterram,
1094 1524 1184 1570 erunt
1200 1507 1335 1568 solntnin

157 1619 162 1634 ¹
209 1610 309 1674 coelo.
351 1613 391 1672 Et
413 1612 548 1676 Joonuis
576 1610 726 1691 vigesimo
748 1609 826 1672 dixit
846 1615 937 1670 Iesus
960 1608 1132 1692 discipulis:
1155 1631 1221 1692 pax
1244 1609 1334 1681 vohis,

208 1715 287 1776 sicut
320 1713 402 1778 misit
429 1733 477 1775 me
506 1723 604 1791 potet,
631 1711 673 1771 ita
701 1731 756 1792 ogo
788 1711 873 1774 mitto
894 1731 961 1772 vos.
1006 1712 1089 1771 Haec
1111 1733 1184 1784 etun
1208 1709 1333 1783 dixisset,

207 1817 293 1877 flavit
309 1815 343 1877 in
368 1833 436 1887 eos,
465 1825 494 1870 et
516 1811 591 1871 dicit
612 1811 687 1872 eisr
707 1812 833 1892 accipite
858 1811 997 1893 spiritum
1025 1827 1179 1887 sanctum,
1215 1829 1335 1890 quornm

207 1914 381 1980 remiseritis
410 1923 549 1995 peccate,
577 1913 776 1973 remittuntur
791 1913 854 1988 eis,
883 1933 1129 1993 quorumcunque
1145 1908 1332 1983 retinueritis,

207 2028 320 2078 retenta
331 2027 409 2076 sunt.
442 2014 567 2076 'Rursus
583 2034 713 2093 quoque,
736 2035 805 2074 cum
818 2015 970 2075 contentio
984 2015 1063 2074 inter
1077 2010 1245 2096 Apostolos
1260 2011 1333 2070 crie-

207 2119 308 2193 batur,
331 2116 397 2196 quis
419 2137 523 2177 corum
537 2115 630 2190 major
647 2114 765 2176 fumeus
780 2129 874 2191 esset,
896 2112 1052 2196 respondit
1066 2105 1232 2177 Christus:
1254 2129 1332 2193 reges

207 2220 346 2302 gentium
360 2217 554 2284 dominantur
570 2217 623 2292 eis,
644 2229 683 2291 et,
700 2216 752 2295 qui
767 2229 944 2297 potestatem
959 2216 1072 2275 habent
1088 2236 1180 2295 super
1198 2235 1266 2289 eas,
1283 2213 1331 2269 be-

207 2320 298 2382 nefici
318 2331 472 2381 vocantur.
513 2317 578 2381 Vos
599 2330 697 2380 nutem
720 2337 782 2378 non
800 2318 859 2394 sic,
882 2317 935 2378 sed
954 2319 1007 2398 qui
1022 2317 1116 2392 major
1128 2329 1175 2376 est
1187 2317 1222 2374 in
1240 2315 1330 2386 vobis,

205 2425 266 2499 fiat,
281 2421 360 2491 sicut
375 2421 481 2494 minor,
498 2420 593 2497 etqui
608 2418 748 2500 princeps
764 2431 820 2495 est,
833 2405 919 2494 sicut,
937 2420 990 2500 qui
1007 2419 1163 2480 ministrat.
1184 2417 1331 2478 Nomnter

205 2525 300 2601 rnejor
313 2534 372 2597 est,
394 2521 447 2599 qui
462 2520 626 2593 accumbit,
647 2539 686 2579 sn
702 2520 754 2598 qui
767 2516 939 2581 ministrat?
969 2519 1148 2598 Nonnequi
1164 2509 1329 2576 accumbit?

199 2624 250 2686 ·At
278 2643 334 2706 ego
355 2623 388 2682 in
410 2620 512 2682 medio
533 2633 772 2696 recessesunt,
803 2635 838 2680 ut
861 2621 914 2702 qui
936 2621 1098 2696 ministrat,
1123 2639 1224 2698 aequa
1248 2615 1330 2698 igitur

138 2750 140 2754 ·
205 2739 352 2808 potestas,
371 2720 474 2787 nullus
497 2722 697 2805 principatus,
720 2739 825 2783 omnes
841 2722 930 2782 enirn
951 2745 1047 2783 unum
1069 2741 1190 2797 sumus,
1211 2728 1330 2778 nonest

147 2883 152 2896 ,
205 2847 311 2898 servus
334 2845 434 2903 neque
457 2824 614 2901 dominus3
637 2845 700 2885 non
718 2825 836 2904 sepiens
857 2837 907 2886 out
931 2824 1093 2906 insipiens,
1114 2843 1214 2882 unum
1231 2836 1328 2898 corpus

205 2947 309 2995 tumus
325 2927 359 2992 in
374 2925 498 2991 Christo
511 2927 593 2999 Iesu,
612 2924 736 2986 domino
752 2937 866 3001 nostro,
887 2925 953 3008 ipse
966 2925 1071 3000 radix,
1093 2941 1149 2984 nos
1162 2920 1251 2996 rami,
1270 2919 1327 2997 ipse
1406 2989 1407 2992 Ἴ

205 3029 296 3104 vitis,
325 3046 381 3092 nos
403 3024 552 3106 palmites.
594 3025 657 3086 Sed
677 3025 752 3106 quid
779 3026 927 3106 sapientes
950 3023 997 3086 illi
1019 3025 1182 3098 olriiciunt,
1216 3015 1326 3080 auscul-
1406 3067 1407 3092 ,

180 3145 319 3215 ‘temnet
349 3125 403 3187 uni
418 3133 515 3204 Petro
539 3147 665 3190 numero
689 3123 833 3208 singulari
854 3125 948 3189 dixit:
970 3127 1026 3188 tibi
1043 3126 1119 3186 daho
1136 3121 1240 3183 claves
1250 3116 1326 3200 regni

205 3232 378 3308 coelorum,
397 3223 464 3290 ¹uon
477 3228 578 3304 vobis,
620 3228 790 3312 Egregium.
800 3241 1022 3305 commentum,
1042 3225 1181 3288 inventio
1197 3222 1326 3291 humana,

205 3330 406 3416 serpensille
431 3331 588 3410 antiquus,
624 3331 677 3409 qui
699 3329 855 3390 mendacio
874 3331 1006 3412 primum
1028 3327 1149 3392 seduxit
1170 3323 1325 3393 hominem,
1406 3369 1407 3402 ,

155 3431 157 3436 ’
205 3450 364 3518 postquam
386 3453 481 3516 genus
497 3431 662 3492 humanum
676 3444 811 3511 ereptum
828 3451 845 3489 e
861 3429 997 3490 faucibus
1012 3429 1092 3504 suis,
1118 3425 1204 3506 quod
1218 3434 1324 3502 captum

205 3537 298 3620 longo
313 3547 450 3600 tenuerat
464 3547 614 3615 tempore,
635 3529 755 3594 olerent
771 3531 914 3613 sangiune
928 3528 1154 3611 redemptione
1146 3537 1267 3588 inventa
1278 3521 1323 3579 vi-

205 3639 260 3706 dit.
302 3638 422 3700 Novam
447 3634 630 3717 excogitavit
644 3630 796 3706 frendens,
823 3644 858 3691 ut
873 3631 954 3691 sub
944 3651 1012 3712 ipso
1027 3626 1190 3693 Christiani
1204 3619 1323 3686 nominis

205 3738 293 3802 titulo
316 3735 429 3802 fallat
419 3751 572 3813 mesutos,
594 3748 689 3798 sectas
708 3746 739 3792 et
752 3731 935 3794 schismata
925 3733 1059 3807 invenit,
1082 3729 1192 3808 quibus
1207 3727 1320 3792 subver-

205 3854 282 3903 teret
295 3839 404 3916 fidem,
435 3839 591 3900 veritatem
615 3847 836 3916 corrumperet,
864 3831 1014 3894 scinderet
1028 3831 1181 3892 unnaten
1224 3823 1321 3888 unita-

204 3955 268 4010 tem
283 3940 340 4002 hec
353 3940 559 4023 responsione
556 3936 641 3999 fidei
655 3936 745 4001 docet
759 3936 914 3999 Christus.
957 3931 1151 4009 Quaesiverat
1164 3951 1181 3988 s
1196 3926 1319 4004 discipu-

203 4041 260 4119 lis,
281 4062 339 4104 vos
354 4061 446 4120 quem
459 4059 508 4100 ma
522 4059 586 4100 essa
600 4032 727 4099 dicitis?
748 4040 884 4110 Petrus,
906 4053 940 4098 os
957 4032 1093 4094 omnium
1107 4025 1318 4111 discipulorum,

204 4141 438 4223 respondimus
458 4159 491 4204 ,es
505 4139 666 4215 christos,
689 4135 770 4200 filius
784 4135 847 4198 Dei
866 4133 943 4196 vivi.
976 4127 1045 4198 cni
1058 4131 1318 4200 centonario
1406 4187 1407 4210 ,

206 4247 341 4317 Petrus,
363 4253 393 4314 et
411 4261 506 4325 super.
519 4238 598 4310 hanc
610 4238 682 4312 tou
688 4249 808 4320 petram
820 4235 983 4300 aedificabo
998 4219 1168 4307 ecclesiam,
1187 4249 1248 4293 non
1261 4224 1319 4284 Ro·

205 4360 340 4413 manem,
370 4339 426 4400 sed
449 4361 557 4404 msam,
599 4339 780 4416 Quicunque
803 4358 852 4398 rna
876 4335 1034 4400 consessus
1051 4332 1140 4396 fuerit
1157 4323 1317 4392 consulto·
