2896 4716
109 313 113 330 “
220 289 364 392 268ρι
581 321 979 416 cetero-nnn

219 479 428 544 Pfefferlrcru.
487 477 553 558 Ego
574 477 680 551 eredo,
715 477 819 542 sivos
838 489 968 560 quatuor
993 501 1063 544 cum
1084 493 1184 544 vestre
1205 477 1341 555 scientia,
1409 516 1412 528 ·

218 578 373 640 mediante
394 573 469 636 forti
488 575 560 655 palo
584 575 617 634 in
643 575 748 655 aliquo
769 579 889 636 excelso
915 581 982 640 loco
1008 581 1167 640 aridorum
1186 580 1342 660 lignorum

219 675 359 758 congerie
379 672 593 747 exaedificato,
618 673 720 734 essetis
743 671 894 756 colligati,
924 691 1025 759 posset
1045 680 1143 739 stetim
1166 699 1264 740 uuum
1277 700 1342 738 ma-

218 775 391 856 gnum-lux
411 770 520 830 mundi
539 769 625 845 fieri,
668 782 699 832 et
720 774 811 834 etiem
834 775 962 850 clarius,
1002 797 1094 857 quam
1125 778 1187 838 fuit
1206 777 1287 836 illud
1308 777 1341 836 in

217 876 327 936 Berua.
356 869 418 929 Sed
436 869 521 942 haec,
543 868 721 928 charissime
744 874 907 946 avuncule,
930 875 1087 935 vobiscum
1109 897 1167 957 pro
1186 896 1271 936 nunc
1293 876 1340 955 jc-

218 994 281 1033 eor.
344 973 442 1050 Spero
463 975 669 1030 temcn'ertra
689 969 792 1047 jocum
813 971 980 1045 futurum,
1015 975 1098 1053 quod
1125 994 1180 1035 vos
1208 982 1340 1054 quatuor

218 1066 303 1132 eritis
323 1070 380 1134 lux
400 1066 509 1127 mundi
529 1065 607 1124 fieri.
663 1062 737 1127 Nan
759 1088 823 1128 nou
845 1079 889 1130 est
909 1070 1070 1150 possibile,
1100 1083 1134 1132 ut
1156 1073 1212 1130 illc
1231 1091 1341 1152 magna

215 1170 358 1240 scientia,
381 1187 459 1248 quac
480 1165 577 1224 estin
599 1165 702 1239 vobis,
737 1165 862 1226 deberet
884 1167 929 1226 sic
955 1169 988 1227 in
1019 1169 1126 1228 merdc
1148 1189 1275 1228 manere
1297 1169 1340 1248 ja-

211 1288 294 1328 cere.
336 1267 390 1326 Est
409 1263 488 1324 milri
509 1263 598 1322 etiam
622 1263 755 1335 dictum,
786 1264 868 1342 quod
888 1284 989 1346 nuper
1008 1267 1148 1326 voluistis
1169 1287 1263 1326 unam
1286 1287 1340 1326 an-

190 1384 195 1397 ‘
214 1369 333 1448 tiquam
355 1365 506 1436 vetulam,
549 1381 627 1441 quae
646 1362 753 1434 vendit
774 1364 871 1422 multa
897 1365 978 1422 vitra
1004 1364 1084 1423 circa
1104 1365 1222 1426 fontem
1246 1367 1339 1425 Colo-

215 1468 302 1539 niae,
323 1465 356 1522 in
379 1473 468 1524 nocte
489 1479 678 1540 supponere,
715 1470 745 1520 et
763 1460 829 1540 ipse
851 1461 1011 1536 clamavit,
1038 1475 1069 1521 et
1087 1462 1339 1522 homines‘vide-

213 1574 288 1627 runt
308 1583 377 1622 cum
398 1560 566 1623 luminibus
589 1570 676 1618 extra
690 1557 833 1632 domum,
856 1572 886 1620 et
897 1559 1046 1620 viderunt
1060 1582 1127 1622 vos:
1149 1564 1210 1622 Per
1222 1565 1336 1635 Deum,

214 1685 269 1746 ego
290 1663 380 1724 valde
398 1660 491 1720 laudo
513 1669 574 1719 tam
597 1658 677 1715 bonu
697 1658 777 1718 faeta
797 1669 913 1732 vestre,
957 1679 1035 1739 quae
1055 1661 1211 1751 pertinent
1233 1663 1336 1721 omnia

214 1765 253 1824 ad
273 1782 378 1822 meum
402 1757 582 1828 artificium,
603 1764 634 1813 et
654 1754 713 1815 lrcc
733 1757 820 1817 decet
840 1759 931 1817 etiem
952 1759 1200 1840 vosTlreclogos.
1240 1761 1337 1819 Venit

213 1882 315 1943 nuper
336 1861 397 1919 hue
419 1858 517 1927 fame,
539 1854 621 1934 quod
642 1864 718 1914 esset
738 1876 818 1916 unus
837 1857 932 1916 Poeta
950 1857 984 1916 in
1006 1858 1151 1942 Colonia,
1176 1858 1232 1918 ille
1252 1858 1335 1916 solus

211 1974 298 2023 tenet
318 1979 372 2021 vos
393 1977 451 2038 pro
471 1956 584 2027 stulto,
605 1966 635 2012 et
654 1964 778 2014 voearet
795 1975 852 2015 ros
872 1959 1078 2036 porqninum,
1099 1958 1159 2018 hoc
1179 1969 1239 2028 est,
1260 1977 1333 2036 pcr-

211 2061 255 2120 cis
277 2059 403 2118 ethera
424 2056 560 2135 dignum.
602 2054 662 2112 Per
683 2054 803 2138 Deum,
824 2055 851 2114 si
872 2077 926 2136 ego
948 2059 1072 2128 scirem,
1095 2058 1163 2134 quis
1184 2068 1262 2116 esset
1280 2057 1334 2114 istc

193 2161 315 2231 roera,
337 2177 392 2237 ego
411 2156 523 2216 vellem
548 2173 617 2212 eum
634 2162 788 2231 gratanter
807 2157 1001 2235 suspendere.
1043 2157 1104 2215 Sed
1121 2155 1257 2216 finaliter
1268 2175 1333 2228 vos,

211 2257 388 2319 charissime
408 2241 577 2324 rivuncule,
599 2271 736 2324 orarem,
764 2262 798 2312 ut
824 2255 929 2314 omnia
954 2275 1024 2316 cum
1046 2276 1154 2336 magna
1174 2254 1342 2334 diligentia.
1411 2247 1412 2252 ’

210 2357 369 2430 faceretis,
391 2349 473 2432 qnod
493 2336 576 2412 ierne
594 2361 696 2410 vestre
715 2371 772 2430 per
791 2363 889 2414 totum
910 2355 1016 2414 orbem
1039 2367 1191 2416 terrerum
1205 2352 1259 2413 liat
1274 2374 1332 2418 no-

209 2467 257 2528 te,
279 2456 340 2516 nisi
359 2455 469 2516 scirem
490 2471 553 2510 non
575 2469 651 2529 opus
674 2451 737 2510 eise
760 2461 794 2511 ut
815 2474 870 2513 vos
891 2454 1096 2514 admonerem.
1159 2454 1230 2531 Vou¹
1247 2452 1330 2510 enim

208 2579 266 2639 per
288 2551 343 2617 ros
363 2552 493 2635 pulchre
511 2549 610 2623 scitis,
637 2561 668 2608 et
686 2551 723 2608 ab
744 2551 827 2625 avis,
852 2553 970 2627 abavia,
998 2554 1121 2626 attavis,
1149 2547 1330 2616 et'lrittavis

208 2657 335 2718 habetis.
389 2650 555 2730 Praecipue
575 2659 677 2708 tamen
698 2649 845 2710 didicistis
864 2673 882 2711 a
903 2662 1000 2712 matre
1020 2663 1122 2714 vestre
1142 2652 1329 2725 charissima,

208 2775 338 2832 meaque
358 2771 478 2824 sorore,
499 2769 576 2828 quse
597 2749 739 2820 audieus,
768 2750 850 2828 quod
869 2751 968 2830 spurii
989 2771 1111 2831 semper
1129 2752 1243 2811 habeut
1264 2773 1329 2810 me-

205 2855 318 2914 liorem
341 2853 495 2912 fortunam
517 2867 609 2926 quam
629 2846 777 2926 legitimi,
810 2848 926 2909 idcirco
946 2851 985 2909 ed
1004 2851 1191 2910 sacerdotem
1217 2871 1328 2910 cucur-

206 2943 264 3021 rit,
293 2963 324 3010 et
350 2927 503 3030 permisit
516 2966 549 3004 se
575 2945 714 3019 landam,
735 2957 771 3007 ut
797 2969 871 3022 vos,
889 2948 993 3009 ‘talem
1014 2952 1137 3025 virum,
1156 2960 1323 3029 generaret,

206 3073 299 3133 quem
322 3059 402 3108 lotus
425 3045 556 3107 muudus
576 3045 740 3124 aliquando
760 3055 963 3128 cognosceret.
1023 3050 1140 3111 Vclete.
1180 3051 1232 3110 Ex
1251 3050 1326 3110 Hal·

206 3149 342 3213 berstadt
359 3146 398 3227 *).

205 3339 414 3360 m

208 3520 210 3530 ,
274 3471 299 3538 a)
317 3465 495 3534 Merkwiirdig
516 3483 603 3534 genug
621 3466 658 3518 ist
675 3466 724 3519 der
740 3467 816 3520 Brief
830 3467 878 3520 des
895 3466 1044 3536 Stephanus
1067 3465 1245 3533 calvastrius,
1262 3467 1324 3518 wel-

206 3551 271 3607 cher
291 3551 392 3604 bereits
409 3552 445 3628 im
465 3560 553 3603 ersten
572 3551 668 3602 Theile
686 3551 850 3620 abgedruckt
865 3571 932 3618 war,
959 3553 1023 3602 aber
1041 3552 1101 3604 dem
1121 3552 1249 3616 aweiten,
1266 3556 1322 3618 'ge-

205 3639 336 3692 raderer
359 3637 408 3686 der
425 3635 527 3703 Epistel
553 3634 600 3684 dea
616 3635 719 3686 lohenn
743 3653 802 3688 rou·
819 3637 1009 3702 schweinfurt,
1043 3637 1194 3704 beigefr'igt.
1244 3637 1322 3688 Viel-
1404 3645 1405 3660 ¹

164 3775 168 3790 ,
202 3723 288 3780 leicht
299 3721 416 3790 geschah
433 3738 461 3770 cs
479 3739 524 3770 aus
542 3720 629 3770 ciuem
645 3721 783 3772 Versehen
799 3720 846 3772 des
862 3723 977 3788 hetzers,
996 3730 1061 3772 etna
1074 3721 1158 3772 durch
1167 3719 1321 3772 Verweclrs-

203 3810 268 3880 lang
285 3826 338 3860 von
354 3807 472 3858 Blittern
490 3804 737 3880 desMsnuscrlptes
753 3821 813 3856 vom
830 3815 919 3856 ersten
936 3806 991 3858 aud
1007 3803 1232 3870 zneitenTheile,
1256 3803 1321 3856 oder

204 3889 290 3944 durch
303 3889 519 3957 Nachlissigkeit
535 3887 582 3940 des
596 3887 747 3940 Redsktors
763 3887 855 3940 selbst.

591 4099 911 4118 Μ

1403 3671 1405 3762 l
