2896 4716
169 395 172 402 ·
222 351 284 419 262
586 351 988 414 EPlsroLAn
1094 402 1096 408 ,

194 525 196 533 ⁴
225 508 308 591 quod
329 515 405 568 esset
423 506 467 567 ita
486 507 599 586 tima13
631 507 778 590 respondi
798 527 869 587 ego,
893 508 976 587 qnod
997 527 1061 569 non
1082 506 1250 584 crederem,
1269 513 1357 590 quod

227 618 303 672 esset
321 609 366 669 ita
385 607 501 676 timer,
537 607 590 667 sed
612 607 690 668 bene
713 607 888 682 crederem,
930 607 1013 688 qnod
1040 621 1118 669 esset
1142 611 1186 668 ita
1213 612 1357 688 ignorax.

226 709 318 768 'Punc
337 706 437 767 dixit:
462 708 528 767 ‘Per
547 707 651 765 Deum
671 725 745 779 non,
765 706 900 766 Domine
920 709 1083 788 Magister!
1105 728 1160 787 ego
1174 707 1272 766 habeo
1289 697 1359 767 ma*-

227 828 317 888 gnam
337 805 495 867 scientiam
516 806 616 878 intus,
660 803 713 863 sed
736 823 799 862 non
820 805 889 865 vult
911 805 1014 880 exire,
1045 817 1092 865 *et
1112 805 1155 864 sic
1180 805 1357 890 dispensavi

228 925 297 965 cum
320 926 366 964 eo.
433 902 633 974 Invideas,
670 901 753 980 quod
781 902 1003 969 Universitates
1030 905 1122 965 valde
1150 905 1357 964 minorentur.

225 1007 290 1083 Ego
310 1004 409 1073 habeo
430 1021 526 1062 unum
549 999 744 1064 domicellum
753 1042 762 1073 ,
806 1021 897 1080 quem
925 1021 1026 1082 nuper
1044 1003 1233 1080 interrogavi
1262 1024 1357 1083 super

226 1124 325 1164 unum
346 1121 519 1177 excessum3
557 1110 631 1160 tunc
653 1100 814 1161 rebellavit
836 1101 930 1175 mibi,
969 1109 1001 1160 et
1019 1101 1120 1160 statim
1140 1101 1278 1162 tibisavit
1296 1122 1357 1160 me.

226 1203 266 1262 Et
287 1201 355 1261 dixi
375 1201 420 1260 ei:
440 1200 501 1260 boc
521 1199 594 1260 volo
615 1217 738 1258 seruare
759 1199 914 1275 usquead
937 1198 1182 1278 promotionem,
1209 1199 1355 1273 innuens,

227 1301 311 1381 quod
331 1300 455 1360 deberet
474 1299 539 1379 pati
560 1296 749 1376 rejicionem.
790 1296 962 1378 Respondit
979 1299 1063 1378 ipse:
1105 1319 1159 1379 ego
1182 1297 1355 1358 merdarem

226 1400 314 1459 vobis
336 1418 429 1479 super
448 1405 565 1458 vestros
585 1397 830 1468 Baculaureatos,
854 1405 884 1455 et
904 1397 958 1454 ibo
979 1395 1018 1454 ad
1041 1396 1172 1468 Italiam,
1194 1396 1248 1456 ubi
1263 1417 1357 1475 prae-

227 1510 365 1579 ceptores
386 1517 450 1556 uon
471 1495 630 1575 decipiunt
649 1493 693 1552 sic
712 1513 781 1552 suos
802 1492 976 1578 discipulos,
999 1502 1030 1552 et
1042 1513 1105 1552 non
1118 1493 1232 1553 habent
1243 1494 1278 1552 in
1293 1515 1354 1554 usu

226 1597 298 1658 istas
318 1595 478 1668 fantasias,
520 1595 665 1654 facientes
695 1591 878 1652 Bacularios.
942 1591 1003 1650 Sed
1029 1593 1152 1669 quando
1173 1593 1286 1672 aliquis
1307 1603 1355 1652 est

227 1697 352 1768 doctus,
375 1705 449 1753 tunc
467 1692 559 1752 habet
579 1691 744 1751 honorem:
783 1690 904 1767 quando
926 1698 1029 1753 autem
1050 1699 1095 1748 cst
1115 1689 1272 1764 indoctus,
1295 1691 1355 1752 ha-

226 1795 317 1855 betur
336 1793 415 1852 sicut
434 1792 512 1851 alius
529 1789 640 1850 asinus.
701 1787 742 1845 Et
762 1786 829 1846 dixi
850 1789 893 1847 ei:
935 1789 988 1847 Tu
1019 1787 1167 1861 Ribalde,
1200 1789 1297 1848 velles
1318 1799 1355 1850 tu

226 1891 455 1974 parvipendere
474 1888 602 1970 gradum
616 1885 880 1957 Baeculaiariatns,
908 1904 987 1963 quae
1008 1896 1053 1945 est
1071 1906 1181 1965 magna
1201 1884 1355 1966 dignitas?

227 1993 318 2051 Tunc
338 1987 517 2068 respondit,
548 1985 744 2067 quodetiam
764 2004 828 2044 uon
852 1995 975 2043 curaret
995 1983 1222 2063 Magisterium,
1256 1995 1287 2044 ct
1305 1985 1355 2045 di-

227 2089 290 2147 xit:
316 2087 383 2166 Ego
403 2085 510 2146 audivi
531 2084 568 2143 ab
591 2083 689 2144 amico
709 2102 799 2157 meo,
836 2081 919 2162 quod
940 2081 1062 2162 quando
1081 2075 1163 2140 ste'tit
1185 2084 1354 2158 Bononiae,

227 2194 303 2244 tunc
322 2184 420 2257 vidit,
457 2183 539 2263 qued
561 2178 828 2259 omues'Magistri
851 2181 974 2240 Artium
996 2201 1036 2239 ex
1055 2181 1193 2240 Almonis
1217 2183 1354 2262 depone-

228 2284 342 2344 bantur
361 2291 505 2360 tanquam
524 2279 634 2352 beani,
679 2288 709 2340 et
735 2278 886 2357 simplicia
905 2279 1062 2361 supposita
1082 2299 1154 2338 non.
1216 2282 1300 2358 Quia
1320 2283 1355 2342 in
1442 2283 1443 2333 l

229 2380 318 2443 ltalia
337 2378 547 2458 habeturpro
574 2376 748 2456 vituperio,
787 2377 908 2455 quando
935 2377 1046 2457 aliquis
1074 2387 1117 2436 cst
1140 2391 1299 2457 promotus
1320 2381 1355 2441 in

227 2479 373 2543 Almania
391 2477 426 2536 in
449 2476 631 2554 Magistrum
651 2475 704 2534 vel
723 2476 969 2535 Baeculuurium.
1022 2476 1102 2536 Ecce
1121 2478 1194 2537 talia
1213 2481 1356 2540 scandala

228 2577 318 2636 fiunt.
357 2575 440 2654 Ergo
460 2576 591 2649 vellem,
625 2573 708 2653 quod
731 2595 837 2634 omncs
860 2573 1078 2636 Universitates
1099 2576 1235 2636 facerent
1254 2579 1290 2637 in
1310 2579 1356 2637 si·
1441 2653 1442 2664 ἵ

229 2677 315 2749 mul,
337 2683 367 2733 et
388 2675 606 2733 concluderent
627 2674 719 2733 simul
740 2693 845 2732 omnes
865 2672 973 2733 Poetas
997 2685 1027 2734 et
1045 2676 1260 2746 Humanistas,
1282 2679 1355 2757 quia

230 2773 391 2834 destruunt
413 2771 644 2833 Universitates.
700 2772 846 2852 Magister
865 2772 1131 2848 Langschneider,
1161 2787 1191 2834 et
1209 2777 1356 2855 Magister

175 2902 177 2911 ν
229 2871 377 2948 Negclin,
410 2883 440 2929 et
462 2870 608 2950 Magister
629 2869 850 2943 Kacbeloffen,
877 2880 906 2928 et
926 2869 1071 2951 Magister
1094 2873 1248 2934 Arnoldus
1271 2879 1355 2938 Wu-

230 2969 371 3041 stenfelt,
399 2978 430 3027 et
450 2970 568 3030 Doctor
586 2967 774 3032 Ochsenfart
799 2968 926 3032 mittunt
945 2971 1033 3031 vobis
1055 2971 1192 3032 salutem.
1234 2975 1354 3038 Valete.

230 3069 346 3128 Datum
365 3066 494 3149 Liptsig.

403 3252 536 3314 Ioannes
555 3253 817 3330 Cocleariligneus
837 3255 884 3312 M.
906 3254 1039 3313 Ortuino
1063 3253 1181 3313 Gratia.

320 3366 521 3430 Commisistis
541 3368 635 3443 m1h1,
655 3368 737 3449 quod
759 3369 880 3446 quando
901 3383 947 3429 est
966 3369 1018 3429 hic'
1039 3370 1143 3444 missa,
1162 3379 1237 3464 tunc
1258 3371 1355 3432 debeo

233 3464 422 3545 interrogare
442 3470 480 3528 ab
502 3468 643 3528 omnibus
662 3467 892 3544 Kauffmannis,
933 3469 985 3550 qui
1016 3470 1146 3530 veniunt
1165 3489 1204 3529 ex
1226 3470 1355 3532 diversis

211 3563 388 3645 partibus,
411 3568 449 3626 de
469 3569 526 3626 illa
545 3566 770 3644 conjuratione,
793 3567 830 3626 de
852 3588 912 3646 qua
931 3569 1080 3650 scriptum
1101 3579 1145 3629 est
1162 3570 1261 3643 vobis,
1282 3573 1356 3651 quia

234 3663 347 3723 debent
367 3685 431 3724 esse
451 3665 548 3744 aliqui
568 3666 680 3724 Poetae
699 3674 730 3724 et
746 3666 891 3737 luristae,
930 3668 984 3749 qui
1004 3670 1145 3729 fecerunt
1166 3668 1357 3748 conjuratio-

234 3781 323 3835 nem,
360 3765 442 3842 quod
468 3767 578 3825 volunt
605 3765 753 3824 loannem
774 3764 928 3825 Reuchlin
956 3768 1142 3842 defendere,
1185 3777 1216 3827 et
1249 3780 1356 3829 contra

235 3860 375 3941 Theolog
360 3883 410 3921 uos
433 3861 630 3923 Colonienses
657 3871 688 3921 et
712 3863 833 3922 Fratres
858 3854 1085 3928 Praedicatorcs
1111 3866 1260 3941 scribere,
1292 3869 1357 3927 nisi
1438 3861 1439 3877 ¹

236 3957 337 4016 statim
351 3910 510 4022 dimittunt
528 3961 717 4041 praedictum
744 3963 890 4021 loannem
910 3965 1073 4026 Reuchlin.
1115 3964 1242 4040 Sciatis,
1273 3969 1357 4047 qnod

238 4055 300 4116 feci
318 4073 460 4137 magnam
483 4059 689 4140 diligentiam,
723 4063 897 4139 quaerendo
919 4073 951 4122 et
968 4063 1198 4145 interrogandO,
1228 4076 1259 4125 et
1280 4057 1357 4127 ulti·

238 4161 289 4213 mo
310 4158 385 4215 aeni
406 4160 561 4238 adunam
581 4158 791 4219 librivendum
811 4159 1005 4240 departibor
1026 4163 1243 4244 superioribus.
1287 4166 1357 4244 lpse

239 4252 319 4311 dixit
339 4254 418 4315 mihi
438 4235 609 4330 mirabilia,
630 4265 661 4315 et
679 4257 852 4320 nominavit
869 4259 948 4320 mibi
968 4263 1090 4337 multos,
1111 4272 1142 4323 et
1161 4262 1250 4338 dixit,
1272 4262 1356 4344 quod
1436 4293 1437 4302 κ
