<?xml version="1.0" encoding="UTF-8"?>
<!DOCTYPE html PUBLIC "-//W3C//DTD XHTML 1.0 Transitional//EN"
    "http://www.w3.org/TR/xhtml1/DTD/xhtml1-transitional.dtd">
<html xmlns="http://www.w3.org/1999/xhtml" xml:lang="en" lang="en">
 <head>
  <title>
</title>
<meta http-equiv="Content-Type" content="text/html;charset=utf-8" />
  <meta name='ocr-system' content='tesseract 3.04.00' />
  <meta name='ocr-capabilities' content='ocr_page ocr_carea ocr_par ocr_line ocrx_word'/>
</head>
<body>
  <div class='ocr_page' id='page_1' title='image "./ulrichiabhutten04mngoog_0469.png"; bbox 0 0 2840 4718; ppageno 0'>
   <div class='ocr_carea' id='block_1_1' title="bbox 301 317 1221 411">
    <p class='ocr_par' dir='ltr' id='par_1_1' title="bbox 301 317 1221 411">
     <span class='ocr_line' id='line_1_1' title="bbox 301 317 1221 411; baseline -0.001 -27"><span class='ocrx_word' id='word_1_1' title='bbox 301 361 309 411; x_wconf 23' lang='lat'>¹.</span> <span class='ocrx_word' id='word_1_2' title='bbox 389 320 448 384; x_wconf 76' lang='lat' dir='ltr'>su</span> <span class='ocrx_word' id='word_1_3' title='bbox 470 321 691 386; x_wconf 73' lang='lat' dir='ltr'>crmsauu</span> <span class='ocrx_word' id='word_1_4' title='bbox 713 321 811 386; x_wconf 76' lang='lat' dir='ltr'>oar..</span> <span class='ocrx_word' id='word_1_5' title='bbox 826 320 932 384; x_wconf 73' lang='lat' dir='ltr'>nan</span> <span class='ocrx_word' id='word_1_6' title='bbox 1094 343 1097 356; x_wconf 93' lang='lat'><em>·</em></span> <span class='ocrx_word' id='word_1_7' title='bbox 1157 317 1221 384; x_wconf 77' lang='lat' dir='ltr'>aar</span> 
     </span>
    </p>
   </div>
   <div class='ocr_carea' id='block_1_2' title="bbox 93 453 1220 566">
    <p class='ocr_par' dir='ltr' id='par_1_2' title="bbox 93 453 1220 566">
     <span class='ocr_line' id='line_1_2' title="bbox 93 453 1220 566; baseline 0.002 -30"><span class='ocrx_word' id='word_1_8' title='bbox 93 497 112 536; x_wconf 87' lang='lat' dir='ltr'>a</span> <span class='ocrx_word' id='word_1_9' title='bbox 131 453 304 539; x_wconf 74' lang='lat' dir='ltr'>lenonibus</span> <span class='ocrx_word' id='word_1_10' title='bbox 318 475 419 550; x_wconf 79' lang='lat' dir='ltr'>vinci,</span> <span class='ocrx_word' id='word_1_11' title='bbox 452 477 612 558; x_wconf 67' lang='lat' dir='ltr'>rreligione</span> <span class='ocrx_word' id='word_1_12' title='bbox 629 479 731 540; x_wconf 82' lang='lat' dir='ltr'><strong>nihilo</strong></span> <span class='ocrx_word' id='word_1_13' title='bbox 754 488 910 560; x_wconf 82' lang='lat' dir='ltr'>praestare</span> <span class='ocrx_word' id='word_1_14' title='bbox 929 473 1056 566; x_wconf 78' lang='lat' dir='ltr'>Tuscis,</span> <span class='ocrx_word' id='word_1_15' title='bbox 1083 474 1220 551; x_wconf 83' lang='lat' dir='ltr'>crudeli-</span> 
     </span>
    </p>
   </div>
   <div class='ocr_carea' id='block_1_3' title="bbox 90 575 1222 954">
    <p class='ocr_par' dir='ltr' id='par_1_3' title="bbox 90 575 1222 954">
     <span class='ocr_line' id='line_1_3' title="bbox 92 575 1220 659; baseline 0 -23"><span class='ocrx_word' id='word_1_16' title='bbox 92 575 155 636; x_wconf 87' lang='lat' dir='ltr'>tate</span> <span class='ocrx_word' id='word_1_17' title='bbox 175 599 195 636; x_wconf 92' lang='lat' dir='ltr'>a</span> <span class='ocrx_word' id='word_1_18' title='bbox 214 576 436 636; x_wconf 72' lang='lat' dir='ltr'>barbarissimis</span> <span class='ocrx_word' id='word_1_19' title='bbox 452 577 633 659; x_wconf 81' lang='lat' dir='ltr'>discrepare.</span> <span class='ocrx_word' id='word_1_20' title='bbox 675 579 769 656; x_wconf 85' lang='lat' dir='ltr'>Quod</span> <span class='ocrx_word' id='word_1_21' title='bbox 797 578 825 636; x_wconf 90' lang='lat' dir='ltr'>si</span> <span class='ocrx_word' id='word_1_22' title='bbox 845 578 923 638; x_wconf 88' lang='lat' dir='ltr'>vitia</span> <span class='ocrx_word' id='word_1_23' title='bbox 949 577 1020 638; x_wconf 87' lang='lat' dir='ltr'>tolli</span> <span class='ocrx_word' id='word_1_24' title='bbox 1047 595 1112 638; x_wconf 85' lang='lat' dir='ltr'>non</span> <span class='ocrx_word' id='word_1_25' title='bbox 1147 596 1220 656; x_wconf 87' lang='lat' dir='ltr'>pos-</span> 
     </span>
     <span class='ocr_line' id='line_1_4' title="bbox 91 675 1219 750; baseline -0.001 -16"><span class='ocrx_word' id='word_1_26' title='bbox 91 685 182 748; x_wconf 87' lang='lat' dir='ltr'>sunt,</span> <span class='ocrx_word' id='word_1_27' title='bbox 203 677 311 736; x_wconf 87' lang='lat' dir='ltr'>saltem</span> <span class='ocrx_word' id='word_1_28' title='bbox 333 675 521 736; x_wconf 85' lang='lat' dir='ltr'>oblivionem</span> <span class='ocrx_word' id='word_1_29' title='bbox 541 676 674 736; x_wconf 90' lang='lat' dir='ltr'>immitte</span> <span class='ocrx_word' id='word_1_30' title='bbox 695 687 817 750; x_wconf 73' lang='lat' dir='ltr'>tuorum</span> <span class='ocrx_word' id='word_1_31' title='bbox 839 676 969 750; x_wconf 79' lang='lat' dir='ltr'>animis,</span> <span class='ocrx_word' id='word_1_32' title='bbox 1003 697 1059 743; x_wconf 66' lang='lat' dir='ltr'>ne,</span> <span class='ocrx_word' id='word_1_33' title='bbox 1074 676 1219 737; x_wconf 67' lang='lat' dir='ltr'>benedic.</span> 
     </span>
     <span class='ocr_line' id='line_1_5' title="bbox 91 759 1222 855; baseline 0.004 -23"><span class='ocrx_word' id='word_1_34' title='bbox 91 775 195 834; x_wconf 88' lang='lat' dir='ltr'>tiones</span> <span class='ocrx_word' id='word_1_35' title='bbox 214 773 299 834; x_wconf 89' lang='lat' dir='ltr'>illius</span> <span class='ocrx_word' id='word_1_36' title='bbox 318 788 516 850; x_wconf 73' lang='lat' dir='ltr'>aversentur,</span> <span class='ocrx_word' id='word_1_37' title='bbox 557 777 584 836; x_wconf 91' lang='lat' dir='ltr'>si</span> <span class='ocrx_word' id='word_1_38' title='bbox 611 759 758 840; x_wconf 79' lang='lat' dir='ltr'>fortein</span> <span class='ocrx_word' id='word_1_39' title='bbox 787 784 922 836; x_wconf 87' lang='lat' dir='ltr'>mentem</span> <span class='ocrx_word' id='word_1_40' title='bbox 941 777 1095 846; x_wconf 59' lang='lat' dir='ltr'>venerit,</span> <span class='ocrx_word' id='word_1_41' title='bbox 1126 795 1222 855; x_wconf 72' lang='lat' dir='ltr'>quana</span> 
     </span>
     <span class='ocr_line' id='line_1_6' title="bbox 90 873 1220 954; baseline 0.002 -22"><span class='ocrx_word' id='word_1_42' title='bbox 90 873 270 932; x_wconf 86' lang='lat' dir='ltr'>detestanda</span> <span class='ocrx_word' id='word_1_43' title='bbox 298 893 450 953; x_wconf 84' lang='lat' dir='ltr'>quamque</span> <span class='ocrx_word' id='word_1_44' title='bbox 478 895 541 936; x_wconf 88' lang='lat' dir='ltr'>non</span> <span class='ocrx_word' id='word_1_45' title='bbox 563 875 693 936; x_wconf 88' lang='lat' dir='ltr'>dicenda</span> <span class='ocrx_word' id='word_1_46' title='bbox 710 876 851 936; x_wconf 86' lang='lat' dir='ltr'>manibus</span> <span class='ocrx_word' id='word_1_47' title='bbox 871 874 933 934; x_wconf 82' lang='lat' dir='ltr'>illis</span> <span class='ocrx_word' id='word_1_48' title='bbox 952 884 1070 954; x_wconf 82' lang='lat' dir='ltr'>patret,</span> <span class='ocrx_word' id='word_1_49' title='bbox 1089 896 1129 936; x_wconf 89' lang='lat' dir='ltr'>ue</span> <span class='ocrx_word' id='word_1_50' title='bbox 1143 895 1220 934; x_wconf 88' lang='lat' dir='ltr'>con-</span> 
     </span>
    </p>
   </div>
   <div class='ocr_carea' id='block_1_4' title="bbox 89 971 1307 1056">
    <p class='ocr_par' dir='ltr' id='par_1_4' title="bbox 89 971 1307 1056">
     <span class='ocr_line' id='line_1_7' title="bbox 89 971 1307 1056; baseline 0.002 -24"><span class='ocrx_word' id='word_1_51' title='bbox 89 971 278 1032; x_wconf 84' lang='lat' dir='ltr'>secrationes</span> <span class='ocrx_word' id='word_1_52' title='bbox 299 973 384 1048; x_wconf 88' lang='lat' dir='ltr'>illius</span> <span class='ocrx_word' id='word_1_53' title='bbox 405 973 568 1048; x_wconf 85' lang='lat' dir='ltr'>vilescant,</span> <span class='ocrx_word' id='word_1_54' title='bbox 596 975 623 1034; x_wconf 90' lang='lat' dir='ltr'>si</span> <span class='ocrx_word' id='word_1_55' title='bbox 646 974 739 1036; x_wconf 88' lang='lat' dir='ltr'>totius</span> <span class='ocrx_word' id='word_1_56' title='bbox 761 976 843 1036; x_wconf 83' lang='lat' dir='ltr'>vitae</span> <span class='ocrx_word' id='word_1_57' title='bbox 869 974 1048 1055; x_wconf 81' lang='lat' dir='ltr'>spurcitiem</span> <span class='ocrx_word' id='word_1_58' title='bbox 1077 976 1219 1056; x_wconf 69' lang='lat' dir='ltr'>cogitent,</span> <span class='ocrx_word' id='word_1_59' title='bbox 1303 983 1307 996; x_wconf 83' lang='grc'><em>“</em></span> 
     </span>
    </p>
   </div>
   <div class='ocr_carea' id='block_1_5' title="bbox 90 1070 1296 1553">
    <p class='ocr_par' dir='ltr' id='par_1_5' title="bbox 90 1070 1296 1553">
     <span class='ocr_line' id='line_1_8' title="bbox 90 1070 1219 1152; baseline 0.002 -22"><span class='ocrx_word' id='word_1_60' title='bbox 90 1070 317 1151; x_wconf 71' lang='lat' dir='ltr'><strong>Benignissime</strong></span> <span class='ocrx_word' id='word_1_61' title='bbox 339 1074 428 1147; x_wconf 78' lang='lat' dir='ltr'>iesu,</span> <span class='ocrx_word' id='word_1_62' title='bbox 470 1074 620 1152; x_wconf 87' lang='lat' dir='ltr'>quivere</span> <span class='ocrx_word' id='word_1_63' title='bbox 647 1076 705 1138; x_wconf 85' lang='lat' dir='ltr'>lux</span> <span class='ocrx_word' id='word_1_64' title='bbox 734 1097 766 1134; x_wconf 87' lang='lat' dir='ltr'>es</span> <span class='ocrx_word' id='word_1_65' title='bbox 792 1073 920 1148; x_wconf 83' lang='lat' dir='ltr'>nruudi,</span> <span class='ocrx_word' id='word_1_66' title='bbox 961 1073 1084 1134; x_wconf 85' lang='lat' dir='ltr'>illustra</span> <span class='ocrx_word' id='word_1_67' title='bbox 1113 1083 1219 1152; x_wconf 90' lang='lat' dir='ltr'>pectus</span> 
     </span>
     <span class='ocr_line' id='line_1_9' title="bbox 90 1169 1218 1252; baseline 0.002 -24"><span class='ocrx_word' id='word_1_68' title='bbox 90 1171 180 1228; x_wconf 89' lang='lat' dir='ltr'>illius</span> <span class='ocrx_word' id='word_1_69' title='bbox 200 1169 319 1230; x_wconf 88' lang='lat' dir='ltr'>lamine</span> <span class='ocrx_word' id='word_1_70' title='bbox 337 1170 420 1244; x_wconf 89' lang='lat' dir='ltr'>iidei,</span> <span class='ocrx_word' id='word_1_71' title='bbox 441 1182 476 1232; x_wconf 88' lang='lat' dir='ltr'>ut</span> <span class='ocrx_word' id='word_1_72' title='bbox 494 1171 554 1250; x_wconf 84' lang='lat' dir='ltr'>jam</span> <span class='ocrx_word' id='word_1_73' title='bbox 576 1193 640 1234; x_wconf 90' lang='lat' dir='ltr'>non</span> <span class='ocrx_word' id='word_1_74' title='bbox 660 1175 705 1234; x_wconf 77' lang='lat' dir='ltr'>ab&#39;</span> <span class='ocrx_word' id='word_1_75' title='bbox 718 1173 926 1234; x_wconf 79' lang='lat' dir='ltr'>adulatoribus</span> <span class='ocrx_word' id='word_1_76' title='bbox 940 1172 1218 1252; x_wconf 78' lang='lat' dir='ltr'>perniciosissimis,</span> 
     </span>
     <span class='ocr_line' id='line_1_10' title="bbox 91 1270 1220 1353; baseline 0.002 -25"><span class='ocrx_word' id='word_1_77' title='bbox 91 1271 147 1348; x_wconf 90' lang='lat' dir='ltr'>qui</span> <span class='ocrx_word' id='word_1_78' title='bbox 168 1270 303 1349; x_wconf 83' lang='lat' dir='ltr'>pessima-</span> <span class='ocrx_word' id='word_1_79' title='bbox 316 1271 463 1330; x_wconf 89' lang='lat' dir='ltr'>&#39;molienti</span> <span class='ocrx_word' id='word_1_80' title='bbox 484 1271 607 1333; x_wconf 90' lang='lat' dir='ltr'>dicunt:</span> <span class='ocrx_word' id='word_1_81' title='bbox 628 1293 705 1353; x_wconf 81' lang='lat' dir='ltr'>euge</span> <span class='ocrx_word' id='word_1_82' title='bbox 727 1294 820 1353; x_wconf 84' lang='lat' dir='ltr'>euge,</span> <span class='ocrx_word' id='word_1_83' title='bbox 852 1273 905 1332; x_wconf 90' lang='lat' dir='ltr'>sed</span> <span class='ocrx_word' id='word_1_84' title='bbox 927 1272 965 1332; x_wconf 89' lang='lat' dir='ltr'>de</span> <span class='ocrx_word' id='word_1_85' title='bbox 984 1285 1031 1347; x_wconf 83' lang='lat' dir='ltr'>te,</span> <span class='ocrx_word' id='word_1_86' title='bbox 1058 1271 1113 1352; x_wconf 89' lang='lat' dir='ltr'>qui</span> <span class='ocrx_word' id='word_1_87' title='bbox 1134 1271 1220 1332; x_wconf 85' lang='lat' dir='ltr'>veri·-</span> 
     </span>
     <span class='ocr_line' id='line_1_11' title="bbox 91 1359 1296 1453; baseline 0.001 -24"><span class='ocrx_word' id='word_1_88' title='bbox 91 1379 138 1430; x_wconf 87' lang='lat' dir='ltr'>tas</span> <span class='ocrx_word' id='word_1_89' title='bbox 161 1391 208 1444; x_wconf 89' lang='lat' dir='ltr'>es,</span> <span class='ocrx_word' id='word_1_90' title='bbox 249 1370 396 1450; x_wconf 79' lang='lat' dir='ltr'>pendeat,</span> <span class='ocrx_word' id='word_1_91' title='bbox 439 1390 497 1430; x_wconf 90' lang='lat' dir='ltr'>nec</span> <span class='ocrx_word' id='word_1_92' title='bbox 518 1392 537 1430; x_wconf 84' lang='lat' dir='ltr'>a</span> <span class='ocrx_word' id='word_1_93' title='bbox 554 1372 693 1446; x_wconf 79' lang='lat' dir='ltr'>Iudaeis,</span> <span class='ocrx_word' id='word_1_94' title='bbox 732 1373 889 1446; x_wconf 79' lang='lat' dir='ltr'>caldaeis,</span> <span class='ocrx_word' id='word_1_95' title='bbox 918 1359 1086 1452; x_wconf 76' lang='lat' dir='ltr'>sortilegis,</span> <span class='ocrx_word' id='word_1_96' title='bbox 1126 1371 1181 1432; x_wconf 90' lang='lat' dir='ltr'>scd</span> <span class='ocrx_word' id='word_1_97' title='bbox 1199 1392 1220 1430; x_wconf 88' lang='lat' dir='ltr'>a</span> <span class='ocrx_word' id='word_1_98' title='bbox 1293 1447 1296 1453; x_wconf 63' lang='lat'><em>„</em></span> 
     </span>
     <span class='ocr_line' id='line_1_12' title="bbox 91 1469 1218 1553; baseline 0.004 -25"><span class='ocrx_word' id='word_1_99' title='bbox 91 1470 155 1528; x_wconf 88' lang='lat' dir='ltr'>tuis</span> <span class='ocrx_word' id='word_1_100' title='bbox 183 1470 277 1530; x_wconf 85' lang='lat' dir='ltr'>sacris</span> <span class='ocrx_word' id='word_1_101' title='bbox 307 1470 406 1530; x_wconf 86' lang='lat' dir='ltr'>literis</span> <span class='ocrx_word' id='word_1_102' title='bbox 434 1469 564 1532; x_wconf 87' lang='lat' dir='ltr'>salutem</span> <span class='ocrx_word' id='word_1_103' title='bbox 597 1480 627 1532; x_wconf 88' lang='lat' dir='ltr'>et</span> <span class='ocrx_word' id='word_1_104' title='bbox 666 1473 791 1532; x_wconf 89' lang='lat' dir='ltr'>oracula</span> <span class='ocrx_word' id='word_1_105' title='bbox 814 1482 898 1552; x_wconf 82' lang='lat' dir='ltr'>patet</span> <span class='ocrx_word' id='word_1_106' title='bbox 948 1481 1041 1550; x_wconf 86' lang='lat' dir='ltr'>atque</span> <span class='ocrx_word' id='word_1_107' title='bbox 1066 1482 1218 1553; x_wconf 75' lang='lat' dir='ltr'>expectet,</span> 
     </span>
    </p>
   </div>
   <div class='ocr_carea' id='block_1_6' title="bbox 90 1569 1316 1648">
    <p class='ocr_par' dir='ltr' id='par_1_6' title="bbox 90 1569 1316 1648">
     <span class='ocr_line' id='line_1_13' title="bbox 90 1569 1316 1648; baseline 0.001 -19"><span class='ocrx_word' id='word_1_108' title='bbox 90 1569 179 1630; x_wconf 89' lang='lat' dir='ltr'>Petri</span> <span class='ocrx_word' id='word_1_109' title='bbox 201 1569 367 1648; x_wconf 80' lang='lat' dir='ltr'>Paulique,</span> <span class='ocrx_word' id='word_1_110' title='bbox 407 1589 541 1648; x_wconf 87' lang='lat' dir='ltr'>quorum</span> <span class='ocrx_word' id='word_1_111' title='bbox 578 1569 753 1637; x_wconf 80' lang='lat' dir='ltr'>cathedram</span> <span class='ocrx_word' id='word_1_112' title='bbox 779 1581 884 1634; x_wconf 84' lang='lat' dir='ltr'>tenere</span> <span class='ocrx_word' id='word_1_113' title='bbox 909 1569 1051 1644; x_wconf 83' lang='lat' dir='ltr'>ridetur,</span> <span class='ocrx_word' id='word_1_114' title='bbox 1094 1573 1220 1634; x_wconf 86' lang='lat' dir='ltr'>evolvat</span> <span class='ocrx_word' id='word_1_115' title='bbox 1259 1573 1265 1590; x_wconf 92' lang='lat'><strong><em>¹</em></strong></span> <span class='ocrx_word' id='word_1_116' title='bbox 1314 1571 1316 1578; x_wconf 88' lang='grc'><strong>’</strong></span> 
     </span>
    </p>
   </div>
   <div class='ocr_carea' id='block_1_7' title="bbox 86 1668 1299 3048">
    <p class='ocr_par' dir='ltr' id='par_1_7' title="bbox 86 1668 1299 2747">
     <span class='ocr_line' id='line_1_14' title="bbox 90 1668 1299 1751; baseline 0.005 -23"><span class='ocrx_word' id='word_1_117' title='bbox 90 1669 260 1748; x_wconf 86' lang='lat' dir='ltr'>Epistolas,</span> <span class='ocrx_word' id='word_1_118' title='bbox 282 1668 336 1728; x_wconf 87' lang='lat' dir='ltr'>bas</span> <span class='ocrx_word' id='word_1_119' title='bbox 357 1669 500 1743; x_wconf 84' lang='lat' dir='ltr'>imbibat,</span> <span class='ocrx_word' id='word_1_120' title='bbox 520 1669 647 1730; x_wconf 87' lang='lat' dir='ltr'>illorum</span> <span class='ocrx_word' id='word_1_121' title='bbox 663 1671 807 1750; x_wconf 89' lang='lat' dir='ltr'>spiritum</span> <span class='ocrx_word' id='word_1_122' title='bbox 819 1669 908 1730; x_wconf 89' lang='lat' dir='ltr'>illinc</span> <span class='ocrx_word' id='word_1_123' title='bbox 921 1668 1054 1742; x_wconf 85' lang='lat' dir='ltr'>hauriat,</span> <span class='ocrx_word' id='word_1_124' title='bbox 1074 1680 1119 1741; x_wconf 85' lang='lat' dir='ltr'>ut,</span> <span class='ocrx_word' id='word_1_125' title='bbox 1142 1692 1219 1751; x_wconf 89' lang='lat' dir='ltr'>quos</span> <span class='ocrx_word' id='word_1_126' title='bbox 1297 1727 1299 1734; x_wconf 81' lang='grc'>,</span> 
     </span>
     <span class='ocr_line' id='line_1_15' title="bbox 89 1769 1219 1850; baseline 0.004 -24"><span class='ocrx_word' id='word_1_127' title='bbox 89 1789 214 1846; x_wconf 83' lang='lat' dir='ltr'>semper</span> <span class='ocrx_word' id='word_1_128' title='bbox 234 1769 383 1848; x_wconf 80' lang='lat' dir='ltr'>exprimit</span> <span class='ocrx_word' id='word_1_129' title='bbox 396 1769 534 1848; x_wconf 86' lang='lat' dir='ltr'>plumbo,</span> <span class='ocrx_word' id='word_1_130' title='bbox 555 1771 650 1850; x_wconf 77' lang='lat' dir='ltr'>tnagis</span> <span class='ocrx_word' id='word_1_131' title='bbox 670 1769 824 1849; x_wconf 78' lang='lat' dir='ltr'>exprimat</span> <span class='ocrx_word' id='word_1_132' title='bbox 838 1770 913 1844; x_wconf 79' lang='lat' dir='ltr'>vita,</span> <span class='ocrx_word' id='word_1_133' title='bbox 933 1781 965 1828; x_wconf 88' lang='lat' dir='ltr'>et</span> <span class='ocrx_word' id='word_1_134' title='bbox 981 1771 1090 1848; x_wconf 87' lang='lat' dir='ltr'>quibus</span> <span class='ocrx_word' id='word_1_135' title='bbox 1105 1774 1219 1850; x_wconf 79' lang='lat' dir='ltr'>dequa-</span> 
     </span>
     <span class='ocr_line' id='line_1_16' title="bbox 89 1868 1220 1950; baseline 0 -20"><span class='ocrx_word' id='word_1_136' title='bbox 89 1869 120 1930; x_wconf 84' lang='lat' dir='ltr'>ri</span> <span class='ocrx_word' id='word_1_137' title='bbox 142 1888 178 1928; x_wconf 87' lang='lat' dir='ltr'>ac</span> <span class='ocrx_word' id='word_1_138' title='bbox 198 1868 290 1929; x_wconf 85' lang='lat' dir='ltr'>etiam</span> <span class='ocrx_word' id='word_1_139' title='bbox 311 1869 458 1947; x_wconf 80' lang='lat' dir='ltr'>anteponi</span> <span class='ocrx_word' id='word_1_140' title='bbox 476 1870 611 1949; x_wconf 86' lang='lat' dir='ltr'>postulat</span> <span class='ocrx_word' id='word_1_141' title='bbox 630 1871 795 1950; x_wconf 80' lang='lat' dir='ltr'>dignitate,</span> <span class='ocrx_word' id='word_1_142' title='bbox 828 1869 884 1930; x_wconf 87' lang='lat' dir='ltr'>has</span> <span class='ocrx_word' id='word_1_143' title='bbox 909 1868 991 1928; x_wconf 85' lang='lat' dir='ltr'>vitae</span> <span class='ocrx_word' id='word_1_144' title='bbox 1019 1869 1220 1930; x_wconf 87' lang='lat' dir='ltr'>sanctimonia</span> 
     </span>
     <span class='ocr_line' id='line_1_17' title="bbox 89 1968 1218 2048; baseline 0 -20"><span class='ocrx_word' id='word_1_145' title='bbox 89 1989 155 2032; x_wconf 87' lang='lat' dir='ltr'>non</span> <span class='ocrx_word' id='word_1_146' title='bbox 176 1975 321 2046; x_wconf 81' lang='lat' dir='ltr'>gravetur</span> <span class='ocrx_word' id='word_1_147' title='bbox 340 1968 448 2028; x_wconf 85' lang='lat' dir='ltr'>saltem</span> <span class='ocrx_word' id='word_1_148' title='bbox 468 1969 566 2046; x_wconf 87' lang='lat' dir='ltr'>sequi.</span> <span class='ocrx_word' id='word_1_149' title='bbox 606 1969 714 2042; x_wconf 89' lang='lat' dir='ltr'>Tolle,</span> <span class='ocrx_word' id='word_1_150' title='bbox 735 1969 819 2042; x_wconf 90' lang='lat' dir='ltr'>tolle,</span> <span class='ocrx_word' id='word_1_151' title='bbox 838 1971 918 2043; x_wconf 80' lang='lat' dir='ltr'>Iesu,</span> <span class='ocrx_word' id='word_1_152' title='bbox 939 1968 1132 2048; x_wconf 74' lang='lat' dir='ltr'>profundum</span> <span class='ocrx_word' id='word_1_153' title='bbox 1146 1969 1218 2028; x_wconf 86' lang='lat' dir='ltr'>ani-</span> 
     </span>
     <span class='ocr_line' id='line_1_18' title="bbox 90 2053 1218 2148; baseline 0.002 -21"><span class='ocrx_word' id='word_1_154' title='bbox 90 2069 137 2127; x_wconf 89' lang='lat' dir='ltr'>mi</span> <span class='ocrx_word' id='word_1_155' title='bbox 154 2067 348 2146; x_wconf 85' lang='lat' dir='ltr'>lethargum,</span> <span class='ocrx_word' id='word_1_156' title='bbox 371 2067 446 2128; x_wconf 89' lang='lat' dir='ltr'>tolle</span> <span class='ocrx_word' id='word_1_157' title='bbox 468 2069 682 2128; x_wconf 85' lang='lat' dir='ltr'>crassissimam</span> <span class='ocrx_word' id='word_1_158' title='bbox 710 2053 849 2148; x_wconf 83' lang='lat' dir='ltr'>pectoris</span> <span class='ocrx_word' id='word_1_159' title='bbox 870 2078 1009 2142; x_wconf 84' lang='lat' dir='ltr'>noctem,</span> <span class='ocrx_word' id='word_1_160' title='bbox 1051 2078 1087 2128; x_wconf 89' lang='lat' dir='ltr'>nt</span> <span class='ocrx_word' id='word_1_161' title='bbox 1113 2068 1218 2128; x_wconf 87' lang='lat' dir='ltr'>videet</span> 
     </span>
     <span class='ocr_line' id='line_1_19' title="bbox 88 2166 1216 2248; baseline 0.003 -21"><span class='ocrx_word' id='word_1_162' title='bbox 88 2178 180 2228; x_wconf 88' lang='lat' dir='ltr'>tunm</span> <span class='ocrx_word' id='word_1_163' title='bbox 200 2166 367 2246; x_wconf 87' lang='lat' dir='ltr'>imperium</span> <span class='ocrx_word' id='word_1_164' title='bbox 388 2167 425 2226; x_wconf 89' lang='lat' dir='ltr'>ab</span> <span class='ocrx_word' id='word_1_165' title='bbox 446 2166 537 2246; x_wconf 84' lang='lat' dir='ltr'>hujus</span> <span class='ocrx_word' id='word_1_166' title='bbox 558 2169 667 2231; x_wconf 87' lang='lat' dir='ltr'>muudi</span> <span class='ocrx_word' id='word_1_167' title='bbox 690 2169 850 2228; x_wconf 87' lang='lat' dir='ltr'>dominatu</span> <span class='ocrx_word' id='word_1_168' title='bbox 862 2168 1038 2248; x_wconf 86' lang='lat' dir='ltr'>longissimo</span> <span class='ocrx_word' id='word_1_169' title='bbox 1057 2167 1216 2241; x_wconf 83' lang='lat' dir='ltr'>dissidere,</span> 
     </span>
     <span class='ocr_line' id='line_1_20' title="bbox 88 2265 1216 2348; baseline 0 -21"><span class='ocrx_word' id='word_1_170' title='bbox 88 2276 176 2327; x_wconf 87' lang='lat' dir='ltr'>tuam</span> <span class='ocrx_word' id='word_1_171' title='bbox 203 2265 384 2345; x_wconf 85' lang='lat' dir='ltr'>sapientiam</span> <span class='ocrx_word' id='word_1_172' title='bbox 406 2267 553 2334; x_wconf 84' lang='lat' dir='ltr'>emundi</span> <span class='ocrx_word' id='word_1_173' title='bbox 580 2267 673 2348; x_wconf 84' lang='lat' dir='ltr'>hujus</span> <span class='ocrx_word' id='word_1_174' title='bbox 693 2268 842 2348; x_wconf 86' lang='lat' dir='ltr'>sapientie</span> <span class='ocrx_word' id='word_1_175' title='bbox 863 2287 903 2326; x_wconf 81' lang='lat' dir='ltr'>ex</span> <span class='ocrx_word' id='word_1_176' title='bbox 922 2267 1071 2326; x_wconf 86' lang='lat' dir='ltr'>diametro</span> <span class='ocrx_word' id='word_1_177' title='bbox 1093 2267 1216 2342; x_wconf 87' lang='lat' dir='ltr'>distare,</span> 
     </span>
     <span class='ocr_line' id='line_1_21' title="bbox 89 2349 1217 2451; baseline -0.001 -26"><span class='ocrx_word' id='word_1_178' title='bbox 89 2367 125 2426; x_wconf 89' lang='lat' dir='ltr'>in</span> <span class='ocrx_word' id='word_1_179' title='bbox 146 2385 284 2439; x_wconf 84' lang='lat' dir='ltr'>summa,</span> <span class='ocrx_word' id='word_1_180' title='bbox 305 2366 393 2451; x_wconf 69' lang='lat' dir='ltr'>¹nihil</span> <span class='ocrx_word' id='word_1_181' title='bbox 415 2367 582 2428; x_wconf 77' lang='lat' dir='ltr'>convenire</span> <span class='ocrx_word' id='word_1_182' title='bbox 601 2367 664 2428; x_wconf 90' lang='lat' dir='ltr'>luci</span> <span class='ocrx_word' id='word_1_183' title='bbox 684 2387 755 2426; x_wconf 90' lang='lat' dir='ltr'>cum</span> <span class='ocrx_word' id='word_1_184' title='bbox 775 2367 924 2442; x_wconf 88' lang='lat' dir='ltr'>tenebris,</span> <span class='ocrx_word' id='word_1_185' title='bbox 944 2349 1048 2426; x_wconf 83' lang='lat' dir='ltr'>videat</span> <span class='ocrx_word' id='word_1_186' title='bbox 1059 2405 1068 2438; x_wconf 92' lang='lat'>,</span> <span class='ocrx_word' id='word_1_187' title='bbox 1087 2365 1217 2447; x_wconf 84' lang='lat' dir='ltr'>pontifi-</span> 
     </span>
     <span class='ocr_line' id='line_1_22' title="bbox 89 2463 1215 2548; baseline -0.002 -22"><span class='ocrx_word' id='word_1_188' title='bbox 89 2468 171 2526; x_wconf 84' lang='lat' dir='ltr'>ciam</span> <span class='ocrx_word' id='word_1_189' title='bbox 187 2463 371 2543; x_wconf 76' lang='lat' dir='ltr'>&#39;di&#39;gnitatem</span> <span class='ocrx_word' id='word_1_190' title='bbox 409 2485 473 2524; x_wconf 88' lang='lat' dir='ltr'>nou</span> <span class='ocrx_word' id='word_1_191' title='bbox 500 2467 535 2528; x_wconf 90' lang='lat' dir='ltr'>in</span> <span class='ocrx_word' id='word_1_192' title='bbox 557 2468 750 2528; x_wconf 87' lang='lat' dir='ltr'>cumulandis</span> <span class='ocrx_word' id='word_1_193' title='bbox 770 2488 827 2547; x_wconf 86' lang='lat' dir='ltr'>per</span> <span class='ocrx_word' id='word_1_194' title='bbox 851 2468 898 2528; x_wconf 88' lang='lat' dir='ltr'>fas</span> <span class='ocrx_word' id='word_1_195' title='bbox 917 2467 1065 2546; x_wconf 85' lang='lat' dir='ltr'>nefasque</span> <span class='ocrx_word' id='word_1_196' title='bbox 1095 2468 1215 2548; x_wconf 86' lang='lat' dir='ltr'>opibus,</span> 
     </span>
     <span class='ocr_line' id='line_1_23' title="bbox 86 2564 1215 2646; baseline -0.002 -20"><span class='ocrx_word' id='word_1_197' title='bbox 86 2585 154 2642; x_wconf 83' lang='lat'>¹1.⁰¹.1</span> <span class='ocrx_word' id='word_1_198' title='bbox 175 2565 211 2624; x_wconf 89' lang='lat' dir='ltr'>in</span> <span class='ocrx_word' id='word_1_199' title='bbox 231 2564 404 2625; x_wconf 80' lang='lat' dir='ltr'>vanissimis</span> <span class='ocrx_word' id='word_1_200' title='bbox 424 2564 536 2640; x_wconf 86' lang='lat' dir='ltr'>titulis,</span> <span class='ocrx_word' id='word_1_201' title='bbox 578 2588 642 2628; x_wconf 88' lang='lat' dir='ltr'>nou</span> <span class='ocrx_word' id='word_1_202' title='bbox 667 2569 702 2626; x_wconf 89' lang='lat' dir='ltr'>in</span> <span class='ocrx_word' id='word_1_203' title='bbox 731 2567 814 2628; x_wconf 88' lang='lat' dir='ltr'>fasta</span> <span class='ocrx_word' id='word_1_204' title='bbox 834 2566 1027 2646; x_wconf 86' lang='lat' dir='ltr'>strepituque</span> <span class='ocrx_word' id='word_1_205' title='bbox 1046 2566 1215 2641; x_wconf 86' lang='lat' dir='ltr'>mundane,</span> 
     </span>
     <span class='ocr_line' id='line_1_24' title="bbox 87 2663 1215 2747; baseline 0 -23"><span class='ocrx_word' id='word_1_206' title='bbox 87 2684 155 2724; x_wconf 89' lang='lat' dir='ltr'>non</span> <span class='ocrx_word' id='word_1_207' title='bbox 175 2663 210 2722; x_wconf 91' lang='lat' dir='ltr'>in</span> <span class='ocrx_word' id='word_1_208' title='bbox 227 2665 387 2742; x_wconf 86' lang='lat' dir='ltr'>tyrannica</span> <span class='ocrx_word' id='word_1_209' title='bbox 405 2675 554 2744; x_wconf 85' lang='lat' dir='ltr'>potestate</span> <span class='ocrx_word' id='word_1_210' title='bbox 572 2667 663 2728; x_wconf 88' lang='lat' dir='ltr'>sitem</span> <span class='ocrx_word' id='word_1_211' title='bbox 684 2687 763 2740; x_wconf 88' lang='lat' dir='ltr'>esse,</span> <span class='ocrx_word' id='word_1_212' title='bbox 807 2687 885 2747; x_wconf 86' lang='lat' dir='ltr'>quae</span> <span class='ocrx_word' id='word_1_213' title='bbox 913 2677 949 2726; x_wconf 91' lang='lat' dir='ltr'>tu</span> <span class='ocrx_word' id='word_1_214' title='bbox 968 2686 1090 2746; x_wconf 86' lang='lat' dir='ltr'>semper</span> <span class='ocrx_word' id='word_1_215' title='bbox 1112 2685 1143 2724; x_wconf 88' lang='lat' dir='ltr'>es</span> <span class='ocrx_word' id='word_1_216' title='bbox 1164 2686 1215 2724; x_wconf 89' lang='lat' dir='ltr'>as-</span> 
     </span>
    </p>

    <p class='ocr_par' dir='ltr' id='par_1_8' title="bbox 86 2748 1254 3048">
     <span class='ocr_line' id='line_1_25' title="bbox 86 2748 1254 2848; baseline 0.001 -25"><span class='ocrx_word' id='word_1_217' title='bbox 86 2773 254 2844; x_wconf 80' lang='lat' dir='ltr'>pernatus3</span> <span class='ocrx_word' id='word_1_218' title='bbox 292 2765 347 2824; x_wconf 86' lang='lat' dir='ltr'>sed</span> <span class='ocrx_word' id='word_1_219' title='bbox 372 2764 416 2824; x_wconf 90' lang='lat' dir='ltr'>ita</span> <span class='ocrx_word' id='word_1_220' title='bbox 444 2765 569 2825; x_wconf 90' lang='lat' dir='ltr'>demum</span> <span class='ocrx_word' id='word_1_221' title='bbox 605 2767 826 2848; x_wconf 86' lang='lat' dir='ltr'>amplissimum</span> <span class='ocrx_word' id='word_1_222' title='bbox 854 2787 919 2826; x_wconf 87' lang='lat' dir='ltr'>esse</span> <span class='ocrx_word' id='word_1_223' title='bbox 943 2765 1143 2840; x_wconf 88' lang='lat' dir='ltr'>Pontificem,</span> <span class='ocrx_word' id='word_1_224' title='bbox 1182 2765 1216 2824; x_wconf 82' lang='lat' dir='ltr'>si</span> <span class='ocrx_word' id='word_1_225' title='bbox 1251 2748 1254 2760; x_wconf 51' lang='lat'>¹</span> 
     </span>
     <span class='ocr_line' id='line_1_26' title="bbox 86 2853 1214 2948; baseline 0.001 -25"><span class='ocrx_word' id='word_1_226' title='bbox 86 2865 172 2924; x_wconf 84' lang='lat' dir='ltr'>vitae</span> <span class='ocrx_word' id='word_1_227' title='bbox 193 2853 395 2924; x_wconf 87' lang='lat' dir='ltr'>sanctimonia</span> <span class='ocrx_word' id='word_1_228' title='bbox 416 2863 456 2924; x_wconf 90' lang='lat' dir='ltr'>sit</span> <span class='ocrx_word' id='word_1_229' title='bbox 475 2865 668 2948; x_wconf 82' lang='lat' dir='ltr'>principibus</span> <span class='ocrx_word' id='word_1_230' title='bbox 700 2887 821 2948; x_wconf 90' lang='lat' dir='ltr'>quoque</span> <span class='ocrx_word' id='word_1_231' title='bbox 843 2865 1051 2942; x_wconf 87' lang='lat' dir='ltr'>reverendus,</span> <span class='ocrx_word' id='word_1_232' title='bbox 1091 2866 1121 2924; x_wconf 87' lang='lat' dir='ltr'>si</span> <span class='ocrx_word' id='word_1_233' title='bbox 1139 2865 1214 2925; x_wconf 86' lang='lat' dir='ltr'>vivo</span> 
     </span>
     <span class='ocr_line' id='line_1_27' title="bbox 86 2963 1215 3048; baseline 0.001 -25"><span class='ocrx_word' id='word_1_234' title='bbox 86 2963 445 3044; x_wconf 58' lang='lat' dir='ltr'>dei1verboprassetnr,</span> <span class='ocrx_word' id='word_1_235' title='bbox 467 2966 494 3024; x_wconf 86' lang='lat' dir='ltr'>si</span> <span class='ocrx_word' id='word_1_236' title='bbox 515 2971 568 3025; x_wconf 90' lang='lat' dir='ltr'>tuo</span> <span class='ocrx_word' id='word_1_237' title='bbox 601 2966 716 3048; x_wconf 78' lang='lat' dir='ltr'>spiritis</span> <span class='ocrx_word' id='word_1_238' title='bbox 741 2969 782 3028; x_wconf 90' lang='lat' dir='ltr'>sit</span> <span class='ocrx_word' id='word_1_239' title='bbox 808 2966 959 3040; x_wconf 84' lang='lat' dir='ltr'>invictus,</span> <span class='ocrx_word' id='word_1_240' title='bbox 1000 2965 1028 3026; x_wconf 92' lang='lat' dir='ltr'>si</span> <span class='ocrx_word' id='word_1_241' title='bbox 1058 2985 1215 3026; x_wconf 85' lang='lat' dir='ltr'>sacrarum</span> 
     </span>
    </p>
   </div>
   <div class='ocr_carea' id='block_1_8' title="bbox 85 3057 1334 3145">
    <p class='ocr_par' dir='ltr' id='par_1_9' title="bbox 85 3057 1334 3145">
     <span class='ocr_line' id='line_1_28' title="bbox 85 3057 1334 3145; baseline 0.003 -23"><span class='ocrx_word' id='word_1_242' title='bbox 85 3057 261 3122; x_wconf 87' lang='lat' dir='ltr'>litierarum</span> <span class='ocrx_word' id='word_1_243' title='bbox 290 3061 419 3122; x_wconf 87' lang='lat' dir='ltr'>scientia</span> <span class='ocrx_word' id='word_1_244' title='bbox 442 3063 547 3141; x_wconf 79' lang='lat' dir='ltr'>dites,</span> <span class='ocrx_word' id='word_1_245' title='bbox 567 3065 595 3126; x_wconf 88' lang='lat' dir='ltr'>si</span> <span class='ocrx_word' id='word_1_246' title='bbox 621 3077 773 3128; x_wconf 84' lang='lat' dir='ltr'>castarum</span> <span class='ocrx_word' id='word_1_247' title='bbox 794 3065 968 3127; x_wconf 71' lang='lat' dir='ltr'>arabonam</span> <span class='ocrx_word' id='word_1_248' title='bbox 988 3065 1142 3145; x_wconf 88' lang='lat' dir='ltr'>praesidio</span> <span class='ocrx_word' id='word_1_249' title='bbox 1163 3075 1216 3126; x_wconf 88' lang='lat' dir='ltr'>tu·</span> <span class='ocrx_word' id='word_1_250' title='bbox 1328 3115 1334 3126; x_wconf 95' lang='lat'><strong>.</strong></span> 
     </span>
    </p>
   </div>
   <div class='ocr_carea' id='block_1_9' title="bbox 85 3162 1223 3943">
    <p class='ocr_par' dir='ltr' id='par_1_10' title="bbox 85 3162 1223 3943">
     <span class='ocr_line' id='line_1_29' title="bbox 87 3162 1217 3248; baseline 0.004 -28"><span class='ocrx_word' id='word_1_251' title='bbox 87 3175 156 3237; x_wconf 89' lang='lat' dir='ltr'>tus,</span> <span class='ocrx_word' id='word_1_252' title='bbox 198 3163 226 3221; x_wconf 88' lang='lat' dir='ltr'>si</span> <span class='ocrx_word' id='word_1_253' title='bbox 248 3162 330 3224; x_wconf 82' lang='lat' dir='ltr'>ritae</span> <span class='ocrx_word' id='word_1_254' title='bbox 351 3171 531 3245; x_wconf 89' lang='lat' dir='ltr'>contemptu</span> <span class='ocrx_word' id='word_1_255' title='bbox 550 3185 673 3247; x_wconf 86' lang='lat' dir='ltr'>semper</span> <span class='ocrx_word' id='word_1_256' title='bbox 701 3167 889 3248; x_wconf 89' lang='lat' dir='ltr'>intrepidus,</span> <span class='ocrx_word' id='word_1_257' title='bbox 910 3165 937 3225; x_wconf 89' lang='lat' dir='ltr'>si</span> <span class='ocrx_word' id='word_1_258' title='bbox 958 3165 1056 3224; x_wconf 90' lang='lat' dir='ltr'>crucis</span> <span class='ocrx_word' id='word_1_259' title='bbox 1078 3165 1217 3224; x_wconf 71' lang='lat' dir='ltr'>aemula⁴</span> 
     </span>
     <span class='ocr_line' id='line_1_30' title="bbox 85 3261 1215 3348; baseline 0 -26"><span class='ocrx_word' id='word_1_260' title='bbox 85 3263 173 3325; x_wconf 86' lang='lat' dir='ltr'>tiene</span> <span class='ocrx_word' id='word_1_261' title='bbox 192 3261 251 3330; x_wconf 79' lang='lat' dir='ltr'>tibi</span> <span class='ocrx_word' id='word_1_262' title='bbox 270 3262 448 3342; x_wconf 70' lang='lat' dir='ltr'>proximus,</span> <span class='ocrx_word' id='word_1_263' title='bbox 486 3276 522 3324; x_wconf 92' lang='lat' dir='ltr'>ut</span> <span class='ocrx_word' id='word_1_264' title='bbox 546 3265 590 3326; x_wconf 88' lang='lat' dir='ltr'>ita</span> <span class='ocrx_word' id='word_1_265' title='bbox 617 3267 750 3348; x_wconf 89' lang='lat' dir='ltr'>denique</span> <span class='ocrx_word' id='word_1_266' title='bbox 776 3286 914 3327; x_wconf 87' lang='lat' dir='ltr'>summus</span> <span class='ocrx_word' id='word_1_267' title='bbox 938 3263 1089 3325; x_wconf 77' lang='lat' dir='ltr'>Pontifex</span> <span class='ocrx_word' id='word_1_268' title='bbox 1108 3263 1215 3344; x_wconf 87' lang='lat' dir='ltr'>appel-</span> 
     </span>
     <span class='ocr_line' id='line_1_31' title="bbox 85 3359 1223 3442; baseline 0 -20"><span class='ocrx_word' id='word_1_269' title='bbox 85 3361 147 3422; x_wconf 88' lang='lat' dir='ltr'>lari</span> <span class='ocrx_word' id='word_1_270' title='bbox 179 3359 346 3441; x_wconf 82' lang='lat' dir='ltr'>glorietur,</span> <span class='ocrx_word' id='word_1_271' title='bbox 366 3361 394 3422; x_wconf 92' lang='lat' dir='ltr'>si</span> <span class='ocrx_word' id='word_1_272' title='bbox 414 3363 462 3422; x_wconf 93' lang='lat' dir='ltr'>tui</span> <span class='ocrx_word' id='word_1_273' title='bbox 488 3364 665 3430; x_wconf 89' lang='lat' dir='ltr'>simillimus</span> <span class='ocrx_word' id='word_1_274' title='bbox 692 3389 756 3428; x_wconf 91' lang='lat' dir='ltr'>esse</span> <span class='ocrx_word' id='word_1_275' title='bbox 789 3367 926 3437; x_wconf 88' lang='lat' dir='ltr'>studeat,</span> <span class='ocrx_word' id='word_1_276' title='bbox 967 3362 1022 3442; x_wconf 90' lang='lat' dir='ltr'>qui</span> <span class='ocrx_word' id='word_1_277' title='bbox 1041 3381 1223 3442; x_wconf 82' lang='lat' dir='ltr'>nunquam,</span> 
     </span>
     <span class='ocr_line' id='line_1_32' title="bbox 85 3459 1214 3546; baseline 0.001 -24"><span class='ocrx_word' id='word_1_278' title='bbox 85 3481 166 3540; x_wconf 87' lang='lat' dir='ltr'>quae</span> <span class='ocrx_word' id='word_1_279' title='bbox 185 3471 240 3520; x_wconf 90' lang='lat' dir='ltr'>tua</span> <span class='ocrx_word' id='word_1_280' title='bbox 259 3469 346 3534; x_wconf 87' lang='lat' dir='ltr'>suut,</span> <span class='ocrx_word' id='word_1_281' title='bbox 374 3461 535 3541; x_wconf 87' lang='lat' dir='ltr'>quaesivit.</span> <span class='ocrx_word' id='word_1_282' title='bbox 595 3471 698 3546; x_wconf 86' lang='lat' dir='ltr'>Atque</span> <span class='ocrx_word' id='word_1_283' title='bbox 723 3467 773 3528; x_wconf 90' lang='lat' dir='ltr'>his</span> <span class='ocrx_word' id='word_1_284' title='bbox 808 3465 902 3522; x_wconf 81' lang='lat' dir='ltr'>sirmis</span> <span class='ocrx_word' id='word_1_285' title='bbox 930 3486 1005 3527; x_wconf 86' lang='lat' dir='ltr'>vere</span> <span class='ocrx_word' id='word_1_286' title='bbox 1039 3459 1214 3544; x_wconf 88' lang='lat' dir='ltr'>apostolicis</span> 
     </span>
     <span class='ocr_line' id='line_1_33' title="bbox 85 3559 1213 3646; baseline 0.001 -28"><span class='ocrx_word' id='word_1_287' title='bbox 85 3561 253 3620; x_wconf 88' lang='lat' dir='ltr'>instructus</span> <span class='ocrx_word' id='word_1_288' title='bbox 279 3559 341 3620; x_wconf 86' lang='lat' dir='ltr'>tuis</span> <span class='ocrx_word' id='word_1_289' title='bbox 369 3562 514 3642; x_wconf 87' lang='lat' dir='ltr'>auspiciis</span> <span class='ocrx_word' id='word_1_290' title='bbox 540 3584 630 3627; x_wconf 86' lang='lat' dir='ltr'>veros</span> <span class='ocrx_word' id='word_1_291' title='bbox 649 3566 786 3626; x_wconf 83' lang='lat' dir='ltr'>Ecclesia</span> <span class='ocrx_word' id='word_1_292' title='bbox 805 3563 907 3626; x_wconf 86' lang='lat' dir='ltr'>hostes</span> <span class='ocrx_word' id='word_1_293' title='bbox 925 3565 1049 3626; x_wconf 84' lang='lat' dir='ltr'>fortiter</span> <span class='ocrx_word' id='word_1_294' title='bbox 1075 3583 1110 3622; x_wconf 87' lang='lat' dir='ltr'>ac</span> <span class='ocrx_word' id='word_1_295' title='bbox 1137 3559 1213 3646; x_wconf 39' lang='lat' dir='ltr'>feli-3</span> 
     </span>
     <span class='ocr_line' id='line_1_34' title="bbox 86 3659 1210 3746; baseline 0.002 -28"><span class='ocrx_word' id='word_1_296' title='bbox 86 3662 164 3720; x_wconf 87' lang='lat' dir='ltr'>citer</span> <span class='ocrx_word' id='word_1_297' title='bbox 182 3659 345 3741; x_wconf 83' lang='lat' dir='ltr'>profliget,</span> <span class='ocrx_word' id='word_1_298' title='bbox 367 3662 548 3738; x_wconf 86' lang='lat' dir='ltr'>avaritiam,</span> <span class='ocrx_word' id='word_1_299' title='bbox 568 3663 748 3740; x_wconf 84' lang='lat' dir='ltr'>libidinem,</span> <span class='ocrx_word' id='word_1_300' title='bbox 770 3663 973 3732; x_wconf 85' lang='lat' dir='ltr'>iracundiam,</span> <span class='ocrx_word' id='word_1_301' title='bbox 995 3661 1210 3746; x_wconf 84' lang='lat' dir='ltr'>pertinaciam,</span> 
     </span>
     <span class='ocr_line' id='line_1_35' title="bbox 86 3747 1213 3844; baseline 0.004 -26"><span class='ocrx_word' id='word_1_302' title='bbox 86 3753 287 3828; x_wconf 70' lang='lat' dir='ltr'>ambitionem</span> <span class='ocrx_word' id='word_1_303' title='bbox 334 3761 515 3843; x_wconf 85' lang='lat' dir='ltr'>reliquaque</span> <span class='ocrx_word' id='word_1_304' title='bbox 534 3763 630 3840; x_wconf 78' lang='lat' dir='ltr'>vitia,</span> <span class='ocrx_word' id='word_1_305' title='bbox 672 3785 752 3844; x_wconf 86' lang='lat' dir='ltr'>quae</span> <span class='ocrx_word' id='word_1_306' title='bbox 778 3747 841 3844; x_wconf 81' lang='lat' dir='ltr'>jam</span> <span class='ocrx_word' id='word_1_307' title='bbox 868 3763 912 3823; x_wconf 87' lang='lat' dir='ltr'>sic</span> <span class='ocrx_word' id='word_1_308' title='bbox 933 3771 1122 3844; x_wconf 87' lang='lat' dir='ltr'>occuparunt</span> <span class='ocrx_word' id='word_1_309' title='bbox 1143 3781 1213 3822; x_wconf 89' lang='lat' dir='ltr'>om·</span> 
     </span>
     <span class='ocr_line' id='line_1_36' title="bbox 86 3859 1211 3943; baseline -0.001 -25"><span class='ocrx_word' id='word_1_310' title='bbox 86 3859 155 3932; x_wconf 88' lang='lat' dir='ltr'>nia,</span> <span class='ocrx_word' id='word_1_311' title='bbox 183 3869 218 3919; x_wconf 86' lang='lat' dir='ltr'>nt</span> <span class='ocrx_word' id='word_1_312' title='bbox 235 3861 411 3923; x_wconf 83' lang='lat' dir='ltr'>Romanam</span> <span class='ocrx_word' id='word_1_313' title='bbox 457 3865 722 3943; x_wconf 85' lang='lat' dir='ltr'>quoqnesedem,</span> <span class='ocrx_word' id='word_1_314' title='bbox 745 3865 881 3943; x_wconf 84' lang='lat' dir='ltr'>idest,</span> <span class='ocrx_word' id='word_1_315' title='bbox 922 3885 1024 3926; x_wconf 85' lang='lat' dir='ltr'>arcem</span> <span class='ocrx_word' id='word_1_316' title='bbox 1044 3860 1211 3934; x_wconf 87' lang='lat' dir='ltr'>Ecclesiae,</span> 
     </span>
    </p>
   </div>
   <div class='ocr_carea' id='block_1_10' title="bbox 85 3949 1324 4047">
    <p class='ocr_par' dir='ltr' id='par_1_11' title="bbox 85 3949 1324 4047">
     <span class='ocr_line' id='line_1_37' title="bbox 85 3949 1324 4047; baseline 0.002 -31"><span class='ocrx_word' id='word_1_317' title='bbox 85 3957 129 4016; x_wconf 87' lang='lat' dir='ltr'>sic</span> <span class='ocrx_word' id='word_1_318' title='bbox 141 3958 238 4038; x_wconf 87' lang='lat' dir='ltr'>impie</span> <span class='ocrx_word' id='word_1_319' title='bbox 258 3960 487 4042; x_wconf 88' lang='lat' dir='ltr'>crudeliterque</span> <span class='ocrx_word' id='word_1_320' title='bbox 506 3964 715 4044; x_wconf 86' lang='lat' dir='ltr'>populentur,</span> <span class='ocrx_word' id='word_1_321' title='bbox 744 3971 781 4026; x_wconf 81' lang='lat' dir='ltr'>ut</span> <span class='ocrx_word' id='word_1_322' title='bbox 799 3985 951 4047; x_wconf 86' lang='lat' dir='ltr'>nusquam</span> <span class='ocrx_word' id='word_1_323' title='bbox 973 3963 1122 4024; x_wconf 79' lang='lat' dir='ltr'>sathanas</span> <span class='ocrx_word' id='word_1_324' title='bbox 1141 3949 1214 4042; x_wconf 52' lang='lat' dir='ltr'>reg&#39;-</span> <span class='ocrx_word' id='word_1_325' title='bbox 1319 3961 1324 3968; x_wconf 85' lang='lat'>&#39;</span> 
     </span>
    </p>
   </div>
   <div class='ocr_carea' id='block_1_11' title="bbox 83 4058 1214 4349">
    <p class='ocr_par' dir='ltr' id='par_1_12' title="bbox 83 4058 1214 4349">
     <span class='ocr_line' id='line_1_38' title="bbox 83 4058 1214 4158; baseline 0.004 -42"><span class='ocrx_word' id='word_1_326' title='bbox 83 4068 136 4118; x_wconf 89' lang='lat' dir='ltr'>net</span> <span class='ocrx_word' id='word_1_327' title='bbox 155 4058 357 4134; x_wconf 81' lang='lat' dir='ltr'>insolentius,</span> <span class='ocrx_word' id='word_1_328' title='bbox 384 4082 442 4122; x_wconf 87' lang='lat' dir='ltr'>nec</span> <span class='ocrx_word' id='word_1_329' title='bbox 461 4079 589 4144; x_wconf 83' lang='lat' dir='ltr'>usquam</span> <span class='ocrx_word' id='word_1_330' title='bbox 607 4066 711 4126; x_wconf 86' lang='lat' dir='ltr'>miuus</span> <span class='ocrx_word' id='word_1_331' title='bbox 728 4065 769 4126; x_wconf 86' lang='lat' dir='ltr'>sit</span> <span class='ocrx_word' id='word_1_332' title='bbox 788 4066 874 4128; x_wconf 90' lang='lat' dir='ltr'>locus</span> <span class='ocrx_word' id='word_1_333' title='bbox 894 4065 1027 4158; x_wconf 68' lang='lat' dir='ltr'>pietati,</span> <span class='ocrx_word' id='word_1_334' title='bbox 1045 4083 1136 4144; x_wconf 88' lang='lat' dir='ltr'>quam</span> <span class='ocrx_word' id='word_1_335' title='bbox 1157 4059 1214 4146; x_wconf 78' lang='lat' dir='ltr'>ubi</span> 
     </span>
     <span class='ocr_line' id='line_1_39' title="bbox 83 4156 1212 4242; baseline 0.019 -28"><span class='ocrx_word' id='word_1_336' title='bbox 83 4156 208 4235; x_wconf 87' lang='lat' dir='ltr'>pietatis</span> <span class='ocrx_word' id='word_1_337' title='bbox 228 4159 349 4220; x_wconf 80' lang='lat' dir='ltr'>fontem</span> <span class='ocrx_word' id='word_1_338' title='bbox 371 4181 435 4222; x_wconf 86' lang='lat' dir='ltr'>esse</span> <span class='ocrx_word' id='word_1_339' title='bbox 455 4162 583 4239; x_wconf 62' lang='lat' dir='ltr'>decuita</span> <span class='ocrx_word' id='word_1_340' title='bbox 611 4164 752 4226; x_wconf 84' lang='lat' dir='ltr'>cumbis</span> <span class='ocrx_word' id='word_1_341' title='bbox 774 4165 929 4242; x_wconf 80' lang='lat' dir='ltr'>hostibus,</span> <span class='ocrx_word' id='word_1_342' title='bbox 964 4185 1036 4232; x_wconf 74' lang='lat' dir='ltr'>cum</span> <span class='ocrx_word' id='word_1_343' title='bbox 1056 4164 1107 4224; x_wconf 67' lang='lat' dir='ltr'>hit</span> <span class='ocrx_word' id='word_1_344' title='bbox 1127 4162 1212 4242; x_wconf 57' lang='lat' dir='ltr'>TW,</span> 
     </span>
     <span class='ocr_line' id='line_1_40' title="bbox 85 4257 1213 4349; baseline 0.017 -36"><span class='ocrx_word' id='word_1_345' title='bbox 85 4257 126 4318; x_wconf 85' lang='lat' dir='ltr'>cis</span> <span class='ocrx_word' id='word_1_346' title='bbox 176 4259 423 4341; x_wconf 81' lang='lat' dir='ltr'>belligerandum</span> <span class='ocrx_word' id='word_1_347' title='bbox 451 4259 607 4343; x_wconf 84' lang='lat' dir='ltr'>pontifici,</span> <span class='ocrx_word' id='word_1_348' title='bbox 646 4265 700 4325; x_wconf 88' lang='lat' dir='ltr'>sed</span> <span class='ocrx_word' id='word_1_349' title='bbox 728 4267 829 4333; x_wconf 76' lang='lat' dir='ltr'>aruris</span> <span class='ocrx_word' id='word_1_350' title='bbox 852 4265 1082 4349; x_wconf 81' lang='lat' dir='ltr'>spiritualibus.</span> <span class='ocrx_word' id='word_1_351' title='bbox 1143 4261 1213 4322; x_wconf 72' lang='grc' dir='ltr'>ΗΟ·</span> 
     </span>
    </p>
   </div>
   <div class='ocr_carea' id='block_1_12' title="bbox 0 0 1424 4718">
    <p class='ocr_par' dir='ltr' id='par_1_13' title="bbox 0 0 1424 4718">
     <span class='ocr_line' id='line_1_41' title="bbox 0 0 1424 4718; baseline 0 2"><span class='ocrx_word' id='word_1_352' title='bbox 0 0 1424 4718; x_wconf 95' lang='lat' dir='ltr'> </span> 
     </span>
    </p>
   </div>
  </div>
 </body>
</html>
