2840 4718
442 343 869 409 nantoatis:
1141 345 1205 413 475

80 509 183 561 tamen
206 519 247 561 ex
263 499 423 564 Romanae
444 501 550 565 curiae
568 523 605 567 re
638 493 742 577 esset,⁴
771 501 945 564 istiusmodi
973 499 1115 566 homiues
1135 511 1204 566 eant

82 599 263 678 frequenter
282 601 385 678 aeliae,
412 612 466 663 aut
484 601 551 684 ejus
571 620 673 662 mores
689 619 851 682 pernosse,
872 595 1003 663 miuoris
1033 614 1116 665 certe
1129 607 1204 666 'suas

82 698 491 782 absolutiones'ougerentur
509 700 663 779 vendere3
704 721 889 782 quamquam
909 701 1031 783 etjam,
1051 721 1115 764 non
1137 699 1206 765 sine
1298 692 1301 702 ¹

82 797 268 858 detrimento
288 798 362 880 ejus,
380 800 523 861 hominos
544 819 666 882 quoque
685 799 721 861 lui
743 809 874 882 agrestes
885 798 940 858 illa
959 801 1132 883 intelligere
1152 805 1205 864 in-

81 896 346 977 cipiunt;.quofit‚
369 899 540 960 utminoris
555 909 753 973 venerentur,
775 899 966 960 utautoritaa
974 901 1202 982 pereatpouti-
1297 957 1303 966 .

83 996 145 1068 oia,
188 997 337 1057 curtismi
354 1015 417 1058 non
436 999 470 1056 in
491 1007 576 1062 tanto
596 999 716 1059 honore
736 1010 772 1058 ut
790 1000 866 1058 olim
886 997 1071 1076 habeantur,
1096 1017 1206 1082 parum

84 1103 210 1156 curetur
227 1095 381 1177 pontificis
402 1097 541 1175 fulman3
559 1109 688 1178 percant
709 1094 842 1179 d'enique
863 1095 982 1159 Romae
993 1099 1107 1174 omnia,
1126 1119 1205 1182 quae

84 1195 237 1274 quondam
260 1195 363 1276 magui
384 1206 472 1257 erant
492 1199 650 1259 momenti.
692 1201 764 1278 Quo
791 1208 895 1258 tamen
923 1197 999 1257 adeo
1027 1219 1136 1260 eorum
1168 1197 1216 1259 fit·

85 1295 182 1374 eulpa,
207 1313 303 1374 quum
320 1293 364 1355 itu
386 1295 421 1355 in
441 1294 692 1359 Florentinomm
714 1298 854 1358 manibus
875 1296 1059 1378 permittant
1090 1297 1204 1373 omnia,

85 1402 117 1453 ut
137 1394 285 1474 pontifex
305 1396 397 1456 etiam
418 1395 529 1458 habeat
548 1416 623 1478 prae
643 1417 751 1458 eorum
769 1395 900 1458 avaritia
919 1394 1011 1456 nihil.
1050 1396 1101 1458 Aa
1121 1397 1206 1476 quod

85 1504 275 1554 accesserunt
295 1503 424 1556 tutuno
446 1495 685 1558 diaCardiuules
704 1497 809 1570 creati,
829 1494 884 1576 qui
903 1513 1084 1574 camparto
1096 1497 1207 1577 exple·

85 1591 112 1651 ri
137 1611 204 1653 nou
237 1593 373 1674 possint,
407 1603 477 1676 apte
502 1595 548 1657 ita
575 1607 684 1658 emunt
713 1617 749 1657 ac
775 1595 916 1658 venduut
935 1596 1050 1670 omnia,
1068 1606 1104 1656 ut
1123 1597 1208 1677 talpa

85 1689 174 1751 etiam
194 1688 417 1754 memtieutior
436 1692 493 1769 sit,
513 1695 568 1776 qui
588 1695 665 1756 haec
685 1714 751 1757 uon
776 1693 880 1757 rideat
905 1706 995 1775 atquc
1009 1765 1011 1772 Ι
1024 1694 1208 1775 detestatum

87 1811 182 1873 aeque
205 1812 263 1876 ego
284 1791 375 1854 etiam
396 1792 523 1854 laudare
544 1814 609 1856 uon
628 1813 753 1877 possum
775 1794 862 1869 haec,
882 1806 1074 1874 quaoaguut,
1095 1793 1209 1856 omnia:

88 1891 128 1951 Ut
145 1901 252 1954 tamen
265 1891 340 1952 huie
358 1892 537 1956 restituatur
555 1893 648 1970 lilius,
673 1906 764 1976 atque
783 1894 860 1955 adeo
872 1902 1098 1974 oonsuupatam
1114 1895 1208 1956 etism

88 1989 211 2053 assiu
233 2011 365 2054 uxorem
385 1993 515 2076 areipiat
533 1993 602 2056 siue
621 1995 752 2071 scalere,
782 1994 850 2055 sino
871 1991 1021 2070 iufamia,
1061 1993 1121 2054 hoe
1141 2004 1210 2072 agat

88 2101 214 2171 oportet.
256 2093 390 2174 Legatos
409 2092 462 2154 hic
483 2093 545 2173 ugit
572 2093 769 2176 apostolicus,
796 2093 942 2174 quiante
967 2111 1080 2173 paucos
1110 2111 1212 2153 anuos

89 2191 184 2251 Roma
201 2189 465 2274 indulgentiarum
491 2194 734 2280 facultatumque
753 2193 894 2274 ingentes
915 2211 1040 2254 acervos
1066 2190 1128 2252 huo
1153 2191 1210 2252 ad-

89 2290 171 2350 vexit
198 2291 240 2355 ad
266 2301 452 2355 structuram
476 2293 619 2356 basilicae
644 2293 711 2356 divi
745 2291 833 2354 Petri
850 2291 933 2373 apud
954 2292 1095 2352 Romam.
1136 2291 1210 2353 Pol.

91 2389 156 2448 Soio
174 2390 354 2464 hominem,
375 2393 583 2474 comitumque
602 2393 759 2474 virgineae
778 2391 882 2468 iacies,
903 2388 1111 2456 foedissimam
1130 2409 1210 2452 vou-

90 2496 168 2549 trum
186 2492 382 2571 proluvium,
406 2513 563 2574 uncaque
581 2511 700 2567 manus,
720 2503 751 2551 et
762 2491 878 2573 pallida
899 2509 1021 2572 semper
1040 2508 1098 2550 ora
1116 2488 1210 2550 fame·

92 2591 189 2668 Quem
204 2611 276 2652 cum
288 2613 306 2652 e
320 2594 484 2659 auiauomo
504 2613 568 2654 non
576 2593 647 2654 odio
655 2591 905 2674 prosequemur,
924 2610 989 2652 nou
1007 2590 1209 2650 execrabatur

91 2691 434 2768 pecuniisGermauiam
442 2693 673 2776 demolientem,
690 2711 807 2754 novum
816 2688 1118 2771 pseudoapostolum,
1134 2709 1212 2751 ven-

93 2788 209 2852 dantem
224 2793 329 2853 omnia
343 2794 459 2856 Christi
466 2795 616 2865 mambra,
636 2811 760 2854 omnem
774 2788 888 2854 Christi
898 2789 1089 2870 sauguinem,
1104 2809 1211 2849 omues

93 2891 183 2952 sancti
212 2892 338 2974 spiritus
363 2896 491 2975 gratias,
525 2902 622 2956 totum
645 2891 792 2952 ecclesiae
816 2889 1014 2962 thesaurum,
1045 2897 1136 2966 atque
1155 2889 1212 2948 illa

95 2990 195 3066 etiam,
224 3011 303 3072 quae
324 3013 382 3053 nec
401 2993 525 3070 habuit,
558 3013 617 3054 uec
638 2992 774 3056 vendere
794 2991 913 3071 potuit,
954 2987 1041 3069 cujus
1068 2999 1212 3080 quaestus

96 3107 160 3150 cum
178 3091 232 3150 hic
261 3102 419 3161 cessasset,
473 3093 509 3154 in
545 3093 688 3154 Sueciam
729 3091 925 3169 Daniumque
956 3107 976 3148 a
995 3089 1110 3148 Latere
1131 3087 1214 3167 epis-

97 3207 184 3270 copus
202 3193 319 3272 legatus
339 3191 450 3252 abiisse
471 3191 629 3254 ferebatur
649 3191 756 3272 ibique
776 3189 895 3250 meritis
921 3187 1029 3268 poeuis
1058 3207 1077 3247 a
1096 3189 1213 3247 Barba*

97 3288 179 3364 riuis,
200 3309 278 3372 quos
299 3292 343 3352 ita
363 3305 486 3360 vocant,
508 3292 651 3370 affectus3
671 3291 818 3372 spoliatus
837 3287 954 3348 seilicet
976 3297 1103 3368 urgento
1124 3285 1212 3344 omni

97 3396 291 3469 aliquosum,
314 3391 398 3471 quod
417 3393 570 3456 caelatum
591 3411 702 3472 magua
718 3389 752 3452 vi
771 3388 846 3449 hius
866 3385 1007 3446 abstulit:
1035 3393 1214 3466 assecutus

97 3485 175 3567 ipse,
189 3490 335 3551 'comites
369 3492 510 3577 suspensi
539 3491 736 3552 dicebantur:
776 3507 862 3549 nunc
896 3505 979 3566 ergo·
1003 3483 1121 3546 revixit
1152 3481 1214 3543 hoe

19 3643 21 3664 ,
98 3589 286 3652 monstrum?
326 3593 423 3654 Bart.
442 3595 529 3654 Boua
551 3592 647 3656 verba
678 3591 718 3652 de
748 3589 849 3670 legato
875 3586 1033 3660 Roman03
1064 3601 1129 3663 uon
1154 3601 1214 3662 pur

98 3688 196 3756 tuiaset
215 3691 365 3758 revixisse
386 3713 452 3754 nou
466 3689 614 3755 mortuus.
655 3690 717 3751 Sed
733 3687 855 3762 nescio,
884 3705 963 3765 quae
981 3683 1064 3744 mala
1085 3681 1214 3742 iortuua

44 3775 47 3782 ’
99 3799 246 3868 utrunque
268 3791 442 3872 agitaverit:
462 3796 564 3870 illum,
585 3793 620 3853 id
639 3790 723 3872 quod
744 3795 877 3861 conant,
898 3804 956 3846 rex
975 3783 1035 3842 ille
1048 3783 1213 3864 Dauorum

100 3888 255 3966 spoliatum
278 3894 381 3969 Auro,
417 3903 560 3975 argento,
588 3888 794 3980 suppellectili
819 3885 921 3960 omui,
951 3881 1107 3966 captivum
1126 3879 1215 3940 intur

101 4005 152 4062 per
175 3991 290 4067 tenuit,
319 4003 467 4069 causatus,
497 3991 615 4076 perfide
642 3990 795 4072 legatione
821 4007 876 4048 sua
911 3985 1054 4046 functum
1081 3991 1112 4040 et
1130 3979 1215 4061 pacis

102 4097 252 4160 praetextu
271 4083 367 4174 egisse
387 4094 454 4154 alia.
496 4096 681 4156 Asservatur
702 4091 872 4152 etiamnum
892 4084 995 4146 adhuc
1023 4081 1122 4142 irater
1149 4079 1217 4160 ejus

103 4181 181 4258 loco,
211 4188 306 4251 donec
325 4214 358 4252 ae
379 4194 511 4262 redimat
531 4195 679 4277 captivus.
720 4190 792 4252 Pet
809 4189 921 4248 Recte:
949 4183 1005 4252 sed
1032 4180 1089 4242 uic.
1103 4197 1215 4260 quaeso

104 4283 191 4361 mihi,
211 4291 291 4368 quid·
303 4291 361 4355 tibi
381 4292 526 4356 accidisse
547 4290 754 4375 conquereris.
801 4291 878 4352 Bar·
901 4282 1028 4354 Mihin?
1068 4278 1216 4345 Redeun·
