2872 4722
235 350 295 419 ιιι
593 313 991 417 anissonios

217 507 442 590 ,permanavit
467 508 545 571 mihi
572 531 713 586 crucem,
753 523 784 574 ot
815 533 871 593 ego
900 510 1065 576 osculando
1086 511 1236 574 maculavi
1267 531 1302 570 os
1326 523 1357 572 at

234 609 355 682 dentes,
387 617 419 668 et
439 629 562 668 nasum:
599 621 630 668 et
657 611 707 670 fui
728 613 933 673 valdeiratus
953 629 1143 690 supeream.
1204 611 1267 686 &d
1290 611 1356 690 ipsa

231 707 348 786 juravit
367 707 405 766 ad
426 717 737 785 sanctasanctorum,
764 711 848 789 quod
867 730 932 770 non
950 708 1087 785 fecisset,
1123 721 1154 771 et
1175 731 1231 790 ego
1250 711 1354 783 codo,

232 808 305 886 quia
323 827 380 887 per
401 807 498 866 Deos!
535 807 610 866 alias
635 816 681 868 est
707 807 844 874 honesta.
904 810 946 868 Et
964 807 1131 888 imaginavi
1156 809 1236 870 mihi
1256 829 1355 868 unum

231 906 365 980 socium,
387 905 442 984 qui
461 905 553 966 debet
570 905 694 966 socioso:
736 906 810 966 etsi
831 925 954 986 possum
975 919 1181 987 perscrutare,
1207 907 1279 968 dico
1298 928 1355 966 vo-

146 1039 148 1044 .
218 1007 294 1088 ¹bia,
326 1005 419 1102 guod*
435 1004 525 1064 debet
554 1003 668 1065 habero
685 1005 921 1080 retributionem
940 1025 1036 1067 snam.
1099 1005 1160 1066 Sed
1179 1005 1244 1085 jam
1263 1005 1355 1065 habat

230 1104 455 1166 amicabilioreo
475 1112 576 1185 gestus
597 1122 668 1184 erga
688 1123 755 1172 mo,
776 1125 869 1183 quam
891 1114 999 1165 antea:
1021 1113 1052 1165 et
1068 1125 1168 1185 spero,
1187 1104 1354 1186 quodnup-

229 1225 344 1286 ponam
365 1223 441 1264 anm.
501 1201 630 1262 Dudum
656 1203 767 1284 aliquis
795 1202 876 1264 dixit
896 1203 943 1278 ai,
971 1203 1064 1284 ¹quod
1084 1187 1151 1264 snm
1172 1205 1283 1264 Poeta:
1325 1213 1355 1261 et
1382 1251 1389 1269 .

229 1306 296 1386 ipsa
318 1303 412 1376 dixit,
445 1319 500 1381 ago
522 1300 647 1376 audivi,
688 1301 771 1382 quod
791 1303 863 1362 estis
878 1302 1111 1364 bonus-Poeta:
1130 1323 1223 1384 vergo¹
1237 1302 1354 1362 debetis

229 1403 425 1466 mihinamel
444 1401 579 1461 scribere
599 1419 698 1460 unum
719 1421 858 1475 carmen,
890 1414 922 1464 ot
942 1421 998 1481 ego
1020 1403 1082 1463 feci
1101 1400 1200 1474 illud,
1228 1408 1260 1460 ot
1282 1421 1354 1459 can-

230 1504 294 1566 tavi
317 1503 356 1564 de
377 1520 446 1562 sero
466 1500 500 1559 in
528 1499 647 1579 platon,
685 1499 768 1580 quod
787 1501 853 1581 ipsa
872 1500 1008 1576 audivit,
1043 1511 1077 1563 at
1098 1509 1203 1582 postea
1223 1499 1353 1580 e'xposui

230 1603 260 1664 ei
279 1601 450 1664 teutonica:
472 1607 568 1659 otest
586 1598 662 1659 hoc:

313 1757 438 1818 Oalmo
445 1757 572 1829 Venno,
589 1756 705 1816 amoris
718 1733 879 1815 inventrix
896 1767 926 1814 et
944 1747 1145 1854 dominatrix,
1240 1729 1243 1738 ¹

315 1859 418 1936 Quare
437 1867 511 1913 tnus
519 1833 615 1929 filius
630 1865 675 1911 est
688 1852 836 1912 inimicus
862 1853 969 1912 niens?
1192 1843 1198 1853 ⁸

313 1953 418 2032 Opnl
404 1953 492 2014 lckra
513 1953 688 2021 Dorotheo,
710 1971 856 2030 qunmeg
857 1973 873 2008 o
896 1953 978 2030 elegi
1001 1954 1142 2021 annnam,

310 2051 377 2116 Fac
395 2047 474 2112 nihi
493 2053 588 2111 etiam
608 2053 668 2125 sic,
700 2051 837 2128 qualiter.
854 2070 909 2128 ego
926 2049 1001 2126 tibi,-

207 2207 214 2224 Ι
310 2147 483 2215 Pulchrior
502 2171 534 2208 ea
554 2161 590 2208 tn
614 2149 696 2208 inter
722 2169 824 2206 omnes
848 2148 948 2222 hujus
971 2144 1058 2207 urbis
1074 2147 1216 2226 puellas:

312 2250 459 2330 Splendet
477 2244 688 2318 simonetta,
711 2258 741 2306 et
757 2245 840 2340 rides
860 2250 944 2306 sicut
957 2249 1055 2306 noso!
1154 2294 1156 2302 ,

283 2428 289 2437 ’
308 2407 380 2490 ipsa
400 2404 495 2479 dixit,
514 2403 600 2486 qnod
617 2404 687 2467 vult
702 2423 761 2484 per
778 2423 865 2464 suam
879 2402 975 2464 vitam
987 2423 1110 2483 serynre
1127 2402 1208 2466 iliud
1224 2414 1352 2484 pnopter

225 2530 285 2571 me.
325 2507 392 2568 Vos
413 2503 528 2572 dabatis
550 2502 631 2562 mihi
651 2501 725 2562 dare
745 2501 924 2575 consilium,
944 2502 1098 2581 quomodo
1118 2503 1214 2564 debeo
1236 2523 1289 2561 me
1301 2523 1351 2564 re-

183 2643 185 2653 ·
226 2627 321 2690 gere,
340 2615 371 2665 et
392 2601 546 2683 quomodo
567 2601 663 2662 debeo
683 2601 802 2677 facore,
837 2600 921 2683 quod
941 2611 1024 2662 amat
1042 2621 1100 2659 ma.
1159 2602 1200 2661 Et
1219 2597 1351 2680 parcatis

166 2735 169 2746 ·
225 2705 325 2779 mihi,
346 2701 429 2782 quod
448 2700 501 2761 foi
517 2700 562 2758 ita
576 2719 697 2780 grossus
715 2701 879 2764 scribendo
898 2700 937 2759 ad
948 2700 1185 2760 dominationem
1200 2699 1350 2760 vestiam:

226 2803 299 2884 quin
319 2810 364 2862 est
385 2798 572 2860 consuetudo
591 2817 679 2872 moa,
720 2799 804 2880 quod
823 2819 892 2858 sum
910 2798 1031 2858 socialia
1051 2819 1121 2859 oum
1141 2799 1246 2859 amicis
1263 2799 1349 2860 meis.

224 2902 336 2964 valeto
356 2899 390 2960 in
410 2895 537 2958 nomino
556 2894 724 2957 Benedicti.
764 2898 815 2956 Ex
828 2898 990 2977 Lyptzick·

381 3113 576 3174 &erhardus
597 3113 779 3192 Sodirrngl
766 3133 828 3215 ‘ui
826 3115 885 3174 Μ.
909 3112 1042 3172 Ortnino
1064 3112 1184 3174 Gratio.
1257 3135 1273 3168 ·.

266 3282 446 3344 -sdutem
468 3279 534 3341 dixi
553 3279 689 3352 variam,
712 3299 771 3358 per
791 3257 919 3339 Domini
940 3279 1038 3340 nonni
1057 3281 1205 3361 gloriam,
1227 3279 1282 3360 qui
1298 3301 1349 3340 re·
1423 3329 1424 3358 ,

166 3381 169 3388 ⁴
225 3380 362 3442 surrexit
384 3403 403 3440 a
424 3379 570 3448 mortuis,
599 3388 629 3439 at
647 3398 731 3438 nunc
749 3376 866 3436 sedet.
856 3396 890 3436 ιιι
913 3377 1014 3438 coelis.
1075 3379 1265 3440 Honorando
1288 3380 1348 3446 vir,

225 3479 351 3540 notifico
371 3481 459 3541 vobio
481 3479 564 3558 qnod
584 3487 649 3538 non'
669 3498 746 3537 sum
757 3476 962 3550 libenterhic,
985 3486 1015 3537 et
1033 3479 1172 3558 poenitet
1191 3497 1251 3550 me,
1257 3476 1349 3556 quod

224 3597 289 3638 non
309 3579 408 3638 mansi
430 3578 578 3640 Coloniae
594 3577 680 3657 apud
700 3595 771 3648 vos,
809 3575 862 3634 ubi
883 3575 972 3654 potui
994 3576 1105 3636 melius
1124 3576 1291 3656 proficere:
1319 3584 1351 3634 et

224 3697 281 3737 vos
299 3677 472 3757 potuissetis
491 3695 540 3736 me
561 3676 664 3736 facore
683 3675 799 3734 bonum
819 3671 989 3751 Logicum,
1018 3684 1049 3735 et
1071 3675 1162 3734 etiam
1182 3694 1241 3755 pro
1260 3679 1352 3753 parto

200 3776 360 3836 'Poetam
401 3778 442 3838 Et
462 3776 496 3836 in
516 3774 646 3834 Colonia
664 3781 737 3832 sunt
756 3770 896 3830 homines
916 3771 1036 3846 devoti,
1066 3782 1097 3832 et
1117 3769 1351 3834 libentemvisi-

225 3883 291 3934 tant
309 3876 475 3950 Ecclesios,
510 3883 540 3934 et
557 3874 592 3933 in
614 3870 768 3932 dominica
793 3859 916 3931 vadunt*
935 3870 975 3930 ad
999 3872 1191 3945 sermonem,
1224 3879 1255 3930 at
1283 3891 1351 3929 non
1413 3857 1416 3864 ⁴

177 4042 179 4046 Ι
226 3983 272 4032 est
291 3983 374 4034 tauto
387 3972 549 4056 superbia,
571 3969 650 4032 siout
663 3969 724 4029 hic.
754 3968 918 4047 supposita
931 3989 995 4028 non
1009 3970 1129 4030 faciunt
1140 3969 1352 4029 reverentiam

196 4083 199 4087 ’
225 4071 380 4152 Magistris
390 4071 646 4152 etMagiotrinon
657 4065 998 4128 habentadvertoniiam
1007 4068 1225 4149 adsupposita,
1240 4069 1354 4128 atmit-

224 4178 296 4230 tunt
308 4189 359 4230 σοι
379 4171 436 4246 ira,
458 4166 612 4251 quomodo
630 4169 755 4241 volunt,
777 4165 808 4225 dt
828 4185 892 4226 non
911 4175 1035 4254 portant
1048 4167 1184 4245 caputia:
1205 4178 1235 4226 et
1249 4187 1353 4246 quan-

226 4266 265 4326 do
287 4278 360 4330 sunt
379 4267 413 4337 in
435 4268 544 4330 Zechia
565 4267 604 4330 ad
624 4266 748 4340 vinum,
773 4275 847 4326 tuno
865 4264 970 4345 jurant
989 4255 1046 4346 pdr
1066 4265 1186 4337 Deum,
1216 4265 1354 4335 et‘hlas-
