2896 4716
189 251 194 257 ,
447 205 468 260 t
843 233 872 270 a

228 333 293 400 260
461 281 465 290 ι
596 330 992 396 EPISTOLAE

230 489 346 572 scripti.
386 489 467 550 Nam
488 488 601 570 scripta
622 499 711 550 erant
731 507 840 551 cvrum
861 489 989 550 nomina
1006 487 1042 550 in
1064 478 1167 570 aliquo
1182 491 1273 565 loco,
1307 492 1360 554 vel

229 593 265 652 in
285 591 409 652 Corona
429 590 536 671 capitis
555 608 679 665 eorum,
711 588 763 648 vel
784 589 868 648 alias.
931 591 1062 669 Semper
1093 591 1214 668 quando
1240 589 1359 650 habetis

199 671 207 692 l
230 692 333 773 aliqua
355 690 448 752 dubia
470 689 504 749 in
526 698 658 770 utroque
678 689 769 761 Jure,
789 682 865 747 iuno
883 687 993 748 debitis
1013 687 1186 765 significare
1208 689 1307 763 mihi,
1330 700 1360 748 et

231 811 384 872 exponam
412 789 501 872 vobis
529 786 573 848 ita
603 788 701 861 bene,
740 786 819 846 sicut
849 789 980 846 loannes
1008 787 1179 862 Renchlin,
1218 790 1273 850 vel
1299 789 1359 847 ali-

229 885 522 970 quianrista‚qui
542 887 668 951 suntin
691 886 817 947 mundo.
843 884 901 944 ‘Et
919 905 990 945 cum
1011 885 1072 946 boc
1090 889 1199 952 valete.
1239 891 1358 948 Datum

228 988 401 1072 lngelstadt.

274 1189 413 1249 Gadaum
433 1184 698 1250 Paderbomenss's
718 1187 864 1264 Megisto
894 1184 1029 1246 Ortuino
1052 1185 1164 1246 Gratia
1183 1189 1317 1247 salutem
1402 1231 1406 1241 .

705 1286 886 1362 plurimam

309 1434 505 1500 Venerabilis
524 1433 683 1516 Magister,
704 1431 852 1493 terribilis
873 1430 1036 1520 fuitnmihi
1055 1435 1146 1496 valde
1164 1455 1228 1494 una
1246 1435 1355 1514 loque⁴

226 1540 276 1615 la,
313 1557 393 1620 quae
412 1533 558 1618 pervenit
577 1533 616 1594 ad
636 1553 706 1608 me,
750 1531 866 1590 faciens
892 1531 971 1590 mibi
998 1553 1123 1614 surgere
1143 1537 1244 1596 crines
1264 1559 1357 1618 supe-

127 1647 130 1652 '
225 1638 302 1700 rius.
362 1637 417 1696 Est
436 1643 537 1695 autem
558 1633 643 1693 talis:
687 1633 803 1692 Omnes
832 1631 900 1690 fere
918 1631 1080 1692 studentes
1102 1646 1132 1695 et
1154 1635 1280 1710 Clerici,
1302 1638 1356 1716 qui

226 1737 359 1798 veniunt
379 1755 419 1794 ex
434 1731 581 1807 Colonia,
610 1730 736 1805 dicunt,
766 1730 850 1810 qnod
870 1740 915 1791 est
936 1752 1094 1808 murmur,
1131 1735 1214 1813 qnod
1232 1737 1355 1794 Fratres

228 1835 474 1907 Praedicatores,
502 1840 665 1911 antequam
685 1831 813 1896 volunt,
837 1831 919 1909 quod
939 1833 1069 1890 loannes
1089 1832 1245 1893 Reucblin
1267 1834 1357 1893 debet
1436 1853 1437 1908 1

227 1957 279 1994 eos
299 1934 425 1995 vincere
445 1932 480 1994 in
500 1952 591 1990 cansa
610 1929 702 2014 lidei,
731 1929 792 2008 ipsi
812 1930 922 1989 volunt
940 1929 1043 2009 potius
1063 1931 1242 2009 praedicare
1260 1953 1356 1991 unam

227 2034 318 2095 aliam
341 2031 443 2092 fidem.
503 2027 547 2092 Et
567 2030 647 2090 dixit
667 2028 811 2108 quidam,
844 2026 927 2107 quod
946 2028 1069 2108 quando
1089 2029 1173 2110 Papa
1193 2031 1270 2091 facit
1285 2052 1356 2089 scn-

226 2132 353 2194 tentiam
376 2139 484 2190 contra
505 2149 572 2201 eos,
592 2127 681 2208 quod*
698 2127 788 2187 ibunt
808 2132 841 2186 in
862 2126 1031 2201 Boemiam‚
1053 2137 1084 2188 et
1100 2127 1267 2193 hortabunt
1283 2129 1356 2189 hae-

226 2232 339 2298 reticos
358 2231 397 2290 ad
421 2228 607 2288 credendum
629 2236 735 2286 contra
756 2227 922 2286 Ecclesiam
944 2239 974 2286 et
993 2229 1129 2307 Papam,
1163 2239 1194 2288 et
1219 2229 1264 2287 sic
1285 2230 1356 2289 vin-

227 2332 373 2392 dicabunt
390 2327 546 2407 injuriam.
608 2326 638 2385 O
660 2327 742 2385 bone
762 2324 897 2385 Domine
918 2313 1073 2399 Ortuine,
1109 2325 1272 2412 consulatis
1301 2328 1355 2399 eis,

227 2431 311 2512 quod
329 2450 393 2489 non
415 2427 544 2495 faciunt,
564 2423 638 2506 quia
659 2435 736 2485 esset
752 2445 861 2504 magna
880 2424 1025 2485 haeresis.
1066 2423 1131 2506 Ego
1151 2445 1251 2506 spero,
1273 2425 1355 2506 quod

226 2551 292 2591 non
313 2540 357 2592 est
370 2547 510 2601 serum,
530 2533 561 2584 es
580 2523 710 2604 cogitavi
728 2544 867 2584 mecum:
890 2525 972 2585 forte
982 2568 991 2598 ‚
1021 2526 1102 2605 quod
1125 2525 1355 2586 Praedicatores

228 2630 386 2688 minantur
406 2627 449 2685 sic
467 2627 586 2704 Papae,
611 2625 751 2686 volentes
772 2636 999 2700 cummanere,
1042 2625 1125 2706 quod
1154 2623 1244 2683 debet
1264 2625 1357 2703 ‘cogi-

226 2743 307 2788 tare:
351 2745 437 2799 ecce,
476 2724 502 2782 si
523 2743 580 2804 ego
602 2742 666 2784 non
688 2722 766 2781 dabo
784 2724 966 2784 sententiam
992 2745 1050 2804 pro
1072 2723 1162 2804 ipsis,
1202 2733 1278 2781 tunc
1296 2721 1356 2801 ipsi

228 2834 320 2888 erunt
339 2826 374 2885 in
395 2825 531 2892 maximo
551 2832 729 2902 contemptu
750 2835 780 2881 et
800 2821 963 2902 despectu,
989 2835 1020 2882 et
1041 2834 1122 2883 totus
1143 2821 1277 2880 mundus
1297 2821 1357 2878 erit

225 2924 371 3015 inimicus
392 2941 498 2982 eorum
508 2962 517 2993 ‚
540 2931 571 2981 et
589 2940 680 2979 nemo
700 2921 784 2980 dabit
804 2921 848 2980 eis
868 2923 1086 3002 eleemosynas,
1108 2931 1138 2980 et
1158 2920 1356 2979 destruentur

226 3021 414 3082 monasteria
434 3039 560 3096 eorum5
588 3029 663 3079 tunc
682 3021 772 3078 ibunt
793 3019 826 3078 in
848 3021 1006 3080 Boemiam
1031 3021 1083 3080 vel
1104 3021 1196 3078 etiam
1218 3020 1252 3078 in
1273 3019 1357 3076 Tur·
1435 3009 1436 3092 ζ

169 3109 171 3113 ’
227 3122 306 3182 ciam
322 3130 358 3188 ,et
377 3119 613 3205 praedicabunt,
634 3117 707 3196 quia
726 3118 802 3178 fides
824 3118 1000 3192 Christiana
1022 3138 1084 3178 non
1099 3127 1153 3178 'est
1174 3137 1265 3178 vera:
1296 3115 1357 3174 erit

226 3241 373 3302 magnum
394 3218 519 3277 malum.
563 3216 610 3276 Sit
631 3216 778 3296 quicquid
800 3218 877 3278 vult.
938 3218 1004 3298 Ego
1026 3217 1158 3288 vellem,
1194 3215 1279 3294 quod
1296 3213 1356 3272 lra-

139 3369 143 3380 .
205 3303 340 3400 'heretis
362 3316 559 3400 patientiam,
588 3325 619 3375 et
639 3335 702 3379 non
725 3316 859 3376 feceritis
881 3325 988 3376 contra
1006 3315 1121 3396 Papam
1141 3334 1197 3375 vos
1216 3313 1356 3374 Theolo-

186 3435 189 3443 '
227 3420 279 3501 gi,
299 3439 341 3478 ne
361 3437 466 3476 omnes
485 3415 654 3476 Christiani
675 3415 738 3474 sint
757 3414 877 3474 inimici
897 3415 1002 3476 vestri.
1062 3415 1103 3475 Et
1121 3413 1222 3474 valete
1241 3411 1278 3474 in
1298 3430 1356 3472 no-

228 3518 314 3580 mine
333 3516 484 3598 unigeniti
504 3514 563 3575 filii
581 3493 653 3580 De'i.
693 3517 809 3576 Datum
832 3517 974 3591 Bremen.

402 3714 560 3794 Magister
579 3712 653 3772 Irus
673 3711 819 3770 Perlirus
838 3709 886 3768 M.
908 3706 1043 3767 Ortus’no
1066 3706 1185 3766 Gratia.

312 3860 426 3922 Salutis
458 3862 584 3943 copiam.
644 3859 838 3920 Venerabilis
862 3858 927 3920 vir!
968 3858 1131 3917 Venerunt
1156 3855 1220 3920 buc
1243 3853 1358 3933 scripta

230 3971 333 4021 vestra
368 3961 408 4020 ad
437 3961 691 4032 Universitstem,
723 3980 803 4039 quae
831 3955 1042 4037 composuistis
1070 3965 1176 4014 contra
1205 3955 1358 4014 loannem

230 4059 385 4120 Renchlin
395 4098 407 4130 ,
429 4081 508 4140 quae
528 4060 648 4141 antiqui
667 4060 808 4140 Magistri
820 4059 873 4118 hic
891 4055 983 4117 valde
1002 4055 1149 4118 laudant:
1168 4053 1223 4113 sed
1237 4051 1314 4114 novi
1329 4061 1360 4110 et
1434 4083 1435 4086 =

231 4156 359 4236 juvenes
379 4179 444 4223 non
463 4170 569 4222 tenent
588 4159 706 4240 aliquid
727 4161 765 4219 de
787 4158 848 4230 eis,
877 4155 1029 4229 dicentes,
1063 4152 1146 4234 quod
1174 4171 1215 4211 ex
1236 4151 1359 4210 invidia

104 4255 106 4262 ’
207 4257 349 4316 γνωιειτίε
368 4257 483 4322 bonum
506 4259 669 4321 Renchlin.
720 4261 758 4318 Et
779 4256 900 4338 quando
922 4255 1085 4315 habuimus
1106 4253 1291 4322 consilinm,
1318 4269 1358 4308 an
