2866 4724
391 387 927 450 ouscuu.V1nou
1010 357 1015 368 ’
1160 384 1220 456 ut

186 547 232 603 ru
247 542 448 623 it‘erumsers
466 553 497 602 et
518 563 580 602 non
601 564 633 602 es
652 543 770 603 Ductor
782 545 873 604 iners.

185 647 225 703 Te
238 640 425 721 ergotaudo
440 654 470 701 et
484 635 627 702 manibus
642 641 810 720 applaudo,

181 745 226 802 Et
237 762 356 818 semper
367 751 517 819 gratetur,
538 753 574 800 ut
586 744 631 800 sis
644 741 740 800 honus
756 752 877 800 amator

179 845 306 900 Horum
318 827 493 914 limorum,=
506 843 562 920 qui
576 861 637 900 non
654 853 728 899 sunt
744 843 958 915 Dominarum,
969 825 974 832 ἱ

183 942 247 1018 Qui
260 961 292 998 se
303 939 510 1017 persuadent,
541 941 672 999 scientia
698 939 782 1020 quod
799 939 931 1014 madent,

181 1038 245 1097 Sed
255 1040 311 1118 qui
319 1040 440 1115 puellis
460 1041 639 1112 inserviant
656 1041 788 1105 tenellis,

180 1140 225 1197 Et
239 1139 294 1216 qui
310 1137 484 1217 detergent,
505 1159 584 1217 qaae
599 1137 726 1197 soi-dida
743 1138 904 1197 inhaerent
908 1161 921 1214 ;

181 1237 238 1295 Sic
259 1245 348 1294 tuum
360 1257 467 1296 uomere
485 1241 618 1296 sortitur
631 1238 743 1297 bonum
756 1259 850 1309 omen,

186 1337 231 1394 Et
247 1337 309 1393 eris
323 1335 443 1405 clarus,
464 1335 609 1395 obscuras
622 1348 651 1395 et
657 1355 819 1414 perrarus,

180 1435 226 1494 Et
239 1435 297 1493 lux
305 1455 365 1511 per
380 1445 477 1493 totum
496 1436 636 1510 leicfine't
649 1457 749 1494 areum
766 1446 880 1494 votum.

179 1583 247 1664 Ego
270 1583 361 1643 etium
382 1585 523 1645 volebam
549 1584 674 1663 aliquod
705 1584 912 1644 doctissimum
934 1586 1081 1666 scriptum
1100 1591 1222 1669 addere,

99 1681 149 1742 sed
171 1684 272 1742 multo
293 1703 437 1764 maguum
455 1693 517 1757 est,
561 1694 594 1743 ut
609 1684 703 1743 intret
731 1685 764 1744 iu
788 1683 872 1746 hunc
901 1684 1032 1760 librum,
1074 1699 1104 1748 et
1130 1691 1222 1752 etism

99 1780 189 1841 valde
212 1779 322 1854 timeo,
361 1783 443 1861 quod
464 1782 603 1860 homines
617 1782 665 1842 illi
684 1804 734 1843 me
756 1784 933 1859 exrideent,
965 1788 1087 1864 quaudo
1104 1790 1224 1870 aliquid
1259 1805 1265 1840 ³

62 1909 70 1928 ·
101 1879 217 1940 omitto.
281 1881 390 1961 Nuper
411 1882 494 1940 enim
514 1880 636 1962 scripsit
665 1882 704 1941 ad
733 1903 782 1942 me
803 1882 900 1950 affinis
920 1903 1007 1942 meus
1014 1925 1024 1959 ,
1059 1890 1142 1967 quod
1162 1892 1225 1952 sint

99 1979 172 2038 teies
203 1977 345 2040 homines
372 1979 638 2062 Philosophistici,
681 1980 735 2062 qui
764 1977 868 2043 omniu
892 2005 950 2064 per
975 1985 1128 2065 pectinem
1146 1990 1225 2050 linei

99 2077 228 2139 trahunt
248 2088 279 2138 et
298 2079 337 2138 cd
356 2099 513 2140 scamnum
534 2080 684 2154 caedunt,
720 2101 797 2160 quse
817 2082 928 2163 aliquis
949 2070 1105 2144 interdum
1132 2089 1225 2148 omit-

99 2177 154 2251 tit,
177 2177 253 2237 licet
266 2175 326 2236 hoc
346 2197 409 2238 uon
429 2177 504 2240 fecit
525 2179 674 2253 libenter,
694 2181 845 2259 quianon
866 2181 1008 2249 incidunt
1027 2183 1084 2242 uui
1102 2205 1224 2266 semper

101 2277 222 2350 omnic,
243 2288 274 2335 et
294 2297 374 2336 unus
393 2299 427 2338 se
448 2300 512 2352 neu
532 2288 631 2359 potest
652 2299 775 2358 semper
792 2281 956 2342 recordare
978 2283 1089 2362 omnia,
1131 2285 1171 2344 Et
1182 2285 1224 2344 li-

100 2375 154 2436 ber
176 2396 282 2450 meus,
317 2397 408 2456 quem
425 2399 480 2458 ego
500 2379 573 2440 volo
595 2377 705 2452 edere,
739 2399 865 2458 maguus
885 2392 945 2454 est,
976 2391 1006 2440 et
1024 2381 1170 2441 scribitur
1189 2383 1224 2442 in
1261 2394 1266 2405 '

100 2494 135 2533 eo
157 2473 196 2533 de
217 2475 358 2536 omuibus
377 2479 509 2551 artibus,
533 2478 687 2558 quomodo
708 2499 787 2563 puer
808 2477 876 2538 illes
892 2479 995 2558 legere
1017 2479 1115 2540 debet.
1171 2481 1224 2541 lu-

100 2585 146 2632 ter
165 2573 215 2632 his
236 2575 304 2634 dico
326 2576 382 2636 tibi
405 2579 551 2658 gratiam
595 2587 626 2636 te
648 2577 783 2636 volueris
811 2576 916 2636 inane
936 2579 1104 2638 meminere
1123 2589 1225 2640 etna·
1311 2637 1313 2647 ,

99 2692 170 2732 men
194 2676 498 2751 manumittere,
525 2696 580 2757 ego
602 2675 735 2734 vicissim
755 2676 840 2736 inte
860 2677 1026 2749 meminent,
1052 2687 1082 2736 et
1102 2699 1237 2760 semper·

99 2793 213 2832 nomen
236 2785 326 2834 tuum
348 2777 551 2852 elarifaciam,
591 2795 653 2836 nou
679 2775 770 2835 aliter
793 2795 885 2855 quam
910 2775 964 2836 sol
987 2776 1022 2835 iu
1046 2779 1149 2838 medio
1172 2775 1224 2840 die
1275 2837 1276 2842 ,

99 2871 251 2934 cleriiecit
271 2875 432 2936 obscurum
448 2897 551 2936 meum
566 2876 670 2934 locum
679 2917 688 2949 ,
709 2875 744 2933 in
758 2895 849 2954 quem
865 2894 901 2935 eo
909 2918 919 2950 ‚
944 2876 1066 2956 quando
1081 2878 1154 2940 volo
1171 2899 1223 2940 so-

97 2971 229 3046 lusesse.
269 2974 347 3034 Vale
357 2976 470 3038 iterum
483 2975 646 3057 aptissime.

304 3131 308 3155 Ι

98 3171 234 3234 Ioannes
248 3170 459 3248 Cochlearius,
489 3177 574 3234 alias
591 3174 740 3256 Loeffeler
754 3185 864 3242 natas,
892 3177 1035 3251 proxima
1046 3188 1121 3236 actu
1133 3180 1222 3238 Bac·

99 3267 343 3356 caluariaturas
362 3284 391 3330 et
402 3265 713 3346 Baeculaureaadus‚
729 3285 838 3349 postea
856 3275 952 3332 etiam
968 3277 1221 3353 Magistraudas,

97 3368 183 3424 etsie
191 3367 237 3426 ad
247 3369 372 3444 altiora,
395 3374 566 3432 Dominam
579 3376 748 3450 Casparum
769 3373 836 3442 vel,
855 3383 891 3430 ut
903 3373 1020 3454 vulgas
1035 3357 1123 3448 dicit,
1144 3377 1221 3435 Cas-
1247 3411 1250 3416 ·

95 3484 216 3540 param
237 3468 415 3541 Stomatas,
457 3473 636 3531 Germanice
661 3471 855 3538 Riudmaul,
886 3474 921 3528 in
936 3471 1222 3550 profundissimum

196 3570 334 3627 anutium
353 3571 493 3630 salutum
513 3571 694 3630 barathrum
714 3583 743 3628 et
766 3570 909 3650 abyssum
928 3571 1124 3630 aeternaliter

495 3731 498 3740 ,
597 3671 728 3733 devoret.

181 3801 325 3882 Longum
346 3815 466 3886 tempus
480 3805 539 3880 est,
572 3827 641 3866 cum
664 3807 703 3865 ed
722 3826 772 3864 me
792 3803 982 3876 scrsstebatis,
1010 3803 1084 3884 quid
1105 3805 1221 3866 fuceret

96 3899 268 3960 Dureudus
289 3905 462 3980 Muscerds,
483 3927 574 3986 quem
597 3905 651 3965 diu
670 3904 844 3983 diligivistis
864 3915 926 3963 tam
943 3903 1150 3977 vehementer,
1172 3905 1220 3964 uti

97 4017 197 4078 equa,
231 4001 335 4075 mule,
369 4003 449 4063 duae
478 4015 508 4064 et
528 4006 634 4065 ambae
655 4003 829 4072 esurientia,
850 4003 982 4084 diligunt
1001 4003 1219 4063 versiculorem

95 4098 256 4160 seminis
276 4102 328 4162 vel
348 4102 446 4164 foeni.
506 4103 546 4164 Et
572 4124 626 4185 ego
657 4103 744 4161 etiem
769 4102 828 4161 cito
849 4102 937 4163 vobis
958 4103 1061 4161 amuis
1082 4103 1220 4162 bonade

94 4191 155 4258 illc
174 4197 408 4276 distribuissem‚
431 4189 599 4266 secuudum
619 4202 708 4276 illud,
728 4203 811 4281 quod
832 4200 978 4282 scriptum
1001 4211 1059 4261 est:
1080 4221 1220 4261 commu-

94 4295 181 4359 nicet
201 4315 289 4376 vero,
310 4301 364 4379 qui
384 4301 549 4367 instruitur
569 4305 601 4364 in
614 4321 755 4364 sermone
768 4320 838 4362 cum
855 4319 903 4372 eo,
919 4301 973 4381 qui
987 4301 1130 4375 instituit,
1152 4320 1220 4360 om-

857 4491 862 4500 ·
951 4397 1015 4461 19*
