2896 4716
167 331 269 398 eoo
505 329 967 394 ‘urssronse

206 498 252 550 est
264 483 586 548 inHalberstedtunns
600 487 775 567 suspensor,
793 487 848 569 qni
857 495 986 550 vocatur
993 483 1141 567 Magister
1148 483 1286 564 Gratius,
1300 499 1332 552 et

202 590 257 650 ille
264 598 308 647 est
314 585 441 646 Ortnini
450 584 619 646 avunculus
633 595 798 662 maternus,
815 597 846 647 et
853 587 891 646 ab
898 588 954 646 illo
961 587 1070 648 Gratio
1083 609 1268 670 suspensura
1274 609 1333 651 vo-

202 675 431 748 eatanratina.
452 686 605 764 Tuncego
622 703 684 743 non
696 686 784 764 potui
798 707 848 745 me
861 706 994 759 servaro,
1013 697 1044 748 ct
1053 687 1133 748 dixi:
1153 689 1224 762 ohe,
1237 688 1331 762 socie,

201 787 258 846 illa
269 794 313 844 est
320 805 383 844 nna
389 803 497 864 magna
507 781 631 861 injuria,
646 793 676 844 et
690 802 745 864 ego
758 795 926 864 protestor3
947 785 1093 865 Magister
1100 786 1254 846 Ortuinus
1263 808 1330 846 non

202 885 292 946 debet
303 883 348 942 sic
364 882 484 942 mittere
502 881 651 942 transire:
671 903 726 962 ego
744 883 822 956 scio,
840 903 898 944 vos
921 881 1021 943 dicitis
1041 870 1117 943 haec
1137 905 1177 944 ex
1198 871 1329 959 invidia,

201 1002 294 1065 qnam
310 981 758 1042 habetisadversusDominum
768 981 946 1044 Ortuinnm.
968 982 1049 1060 Quia
1059 983 1158 1043 omnis
1165 985 1329 1065 progenies

201 1081 318 1162 accepit
337 1101 452 1140 nomen
473 1089 503 1139 et
522 1099 691 1169 cognomen
711 1091 844 1160 epatre,
863 1093 894 1140 et
913 1101 977 1142 non
997 1102 1016 1142 a
1036 1092 1148 1143 matre:
1167 1105 1265 1163 qnare
1278 1105 1330 1144 er-

142 1173 158 1247 ,’
201 1203 240 1264 go
262 1181 387 1240 deberet
406 1179 461 1238 ille
480 1179 579 1238 bonus
600 1180 747 1261 Magister
772 1200 790 1239 a
812 1191 910 1240 matre
931 1191 961 1246 ct
977 1183 1015 1241 ab
1037 1182 1191 1243 avunculo
1211 1193 1329 1242 mater-

200 1301 243 1340 no
263 1278 435 1351 nominari,
475 1288 506 1335 ct
526 1298 590 1337 non
610 1287 750 1358 epatre,
782 1278 862 1338 sicut
879 1279 957 1340 aliil
998 1282 1088 1342 Tunc
1108 1281 1174 1361 ipse
1193 1301 1328 1362 respon-

201 1379 262 1453 dit,
284 1387 315 1436 et
330 1375 409 1435 dixit
430 1375 592 1448 audacter,
614 1377 697 1456 quod
718 1397 822 1437 omnes
843 1379 999 1438 dsrdirent:
1041 1387 1086 1438 est
1106 1380 1184 1438 bene
1202 1400 1326 1453 verum,

201 1488 232 1538 et
252 1469 376 1536 delier-et
396 1473 441 1534 sic
461 1493 540 1547 esse,
562 1485 597 1534 nt
616 1475 733 1535 dicitis:
755 1476 809 1536 sed
827 1477 893 1557 ipse
913 1497 978 1537 non
999 1478 1091 1538 audet
1103 1489 1221 1559 patrem
1233 1499 1326 1538 snum

141 1629 144 1643 ,
200 1596 272 1637 cnm
292 1573 411 1633 honore
431 1573 608 1648 nominare,
629 1575 701 1652 qnia
721 1584 808 1653 pater
827 1595 901 1636 suns
920 1586 965 1636 est
985 1577 1152 1656 presbyter.
1193 1578 1228 1636 Si
1248 1596 1322 1657 ergo

200 1697 233 1736 se
252 1672 426 1733 nominaret
446 1693 465 1730 e
485 1682 586 1752 patre,
609 1682 684 1733 tunc
705 1692 811 1732 ornnes
829 1675 1055 1754 intelligerent,
1086 1675 1169 1755 quod
1188 1677 1257 1757 ipse
1276 1697 1326 1736 es-

200 1782 246 1836 set
271 1770 435 1832 sacerdotis
459 1781 491 1830 et
511 1771 680 1830 meretricis
698 1770 799 1845 iilius,
829 1772 883 1851 qui
904 1773 1032 1853 proprie
1050 1785 1201 1835 vocantur
1213 1775 1324 1863 spurii.

201 1877 292 1935 Tunc
312 1891 367 1950 ego
389 1870 501 1929 iterum
528 1869 619 1929 valde
642 1869 785 1930 audacter
811 1871 959 1945 clamavi,
1001 1882 1032 1931 et
1051 1873 1133 1932 dixi:
1166 1875 1324 1953 quomodo

200 1981 299 2054 potest
318 1970 378 2028 hoc
395 1988 503 2029 verum
525 1967 610 2026 esaei
652 1979 755 2028 tamen
782 1967 849 2047 ipse
877 1979 923 2028 est
942 1970 1089 2050 Magister
1108 1971 1323 2032 coloniensis?
1348 1983 1351 1992 ’

200 2070 262 2132 Sed
290 2069 370 2127 alma
396 2067 587 2130 Universitaa
615 2065 705 2126 habet
729 2087 828 2126 unum
857 2078 1018 2144 statutum,
1055 2071 1138 2149 qnod
1164 2071 1324 2131 neminem

200 2176 397 2252 promovent,
419 2166 479 2225 nisi
499 2167 539 2225 sit
558 2165 720 2243 legitimus.
760 2167 801 2226 Et
821 2187 894 2246 ergo
917 2178 972 2228 etc.
1031 2150 1125 2230 ¹Tune
1144 2170 1320 2251 respondit:

200 2271 266 2330 siro
287 2277 449 2348 promovet
467 2263 634 2344 legitimos,
650 2266 723 2325 sive
744 2266 934 2346 illegitimos,
967 2269 1069 2328 tamen
1091 2269 1237 2350 Magister
1257 2269 1323 2329 Or-

199 2369 306 2430 tninns
335 2375 379 2424 est
406 2362 545 2444 spurius,
584 2375 614 2422 et
640 2364 775 2424 manebit
801 2365 924 2445 spurius
945 2366 979 2424 in
1000 2377 1168 2428 aeternum.
1229 2370 1322 2428 Tunc

200 2463 257 2548 ego
287 2468 400 2526 iterum
424 2463 506 2522 dixi:
548 2461 630 2540 quid·
653 2472 744 2538 tuuc,
783 2464 809 2523 si
839 2465 921 2524 sorte
947 2465 1035 2546 Papa
1051 2467 1250 2546 dispensasset
1271 2486 1323 2525 se·

200 2587 287 2640 cum,
316 2575 389 2625 tuuc
407 2562 473 2643 ipse
492 2571 593 2622 tamen
617 2574 694 2620 esset
711 2563 887 2642 legitimus,
917 2574 948 2622 et
962 2575 1041 2624 *tnnc
1059 2567 1193 2644 graviter
1212 2585 1324 2645 pecca·

199 2667 256 2737 tis,
293 2661 423 2722 dicendo
453 2670 558 2720 contra
588 2661 760 2721 Romanam
789 2662 964 2721 Ecclesiam.
1019 2664 1109 2724 Tunc
1142 2662 1196 2723 ille
1228 2664 1321 2738 dixit,

200 2761 318 2822 etiamsi
336 2759 448 2819 millies
469 2769 545 2820 esset
564 2779 667 2818 secum
687 2760 912 2839 dispensatum,
936 2771 1038 2820 tamen
1061 2782 1125 2824 non
1143 2775 1220 2824 esset
1239 2762 1322 2842 legi-

199 2861 309 2934 timus,
346 2871 376 2916 ct
400 2857 479 2917 dixit
509 2877 606 2916 unum
634 2858 825 2938 exemplum:
861 2861 1118 2939 quemadmodum
1145 2871 1222 2921 esset
1248 2881 1321 2920 cum

199 2959 330 3029 Judaeo,
353 2956 407 3033 qui
426 2955 630 3035 baptizaretur
650 2975 690 3016 cx
711 2978 789 3036 aqna
808 2957 875 3017 sive
897 2957 1083 3038 baptismate,
1105 2959 1132 3020 si
1151 2962 1196 3020 ibi
1215 2971 1321 3020 tamen

199 3077 264 3117 non
285 3065 362 3124 esset
383 3054 515 3135 Spiritus
537 3055 680 3130 Sanctus,
702 3066 775 3115 tunc
787 3057 852 3122 ,illa
873 3077 951 3135 aqna
971 3057 1053 3118 nilsil
1072 3058 1244 3139 proficeret,
1264 3060 1320 3119 sed

199 3166 277 3216 esset
296 3153 555 3214 adhucdudaens.
590 3153 648 3240 Sic
669 3153 760 3214 etiam
782 3167 827 3214 est
847 3175 917 3214 cum
937 3155 1002 3216 istis
1024 3158 1155 3238 spuriis,
1177 3159 1320 3238 quisunt

198 3253 388 3315 sacerdotum
413 3262 444 3312 et
465 3251 660 3324 meretricum
684 3253 759 3328 filii,
789 3253 861 3333 qnia
888 3254 938 3316 isti
964 3258 1133 3318 sacerdotes
1159 3277 1223 3316 non
1244 3277 1320 3336 pos-

192 3336 271 3414 's'unt
290 3353 325 3412 in
351 3356 424 3413 lure
449 3351 623 3411 meretrices
650 3352 918 3415 matrimonialiter
934 3354 1063 3431 habere,
1105 3363 1135 3414 et
1161 3375 1233 3434 ergo
1253 3376 1319 3414 non

196 3463 297 3534 potest
316 3451 499 3531 dispensatio
518 3450 591 3509 filiis
612 3470 719 3510 corum
739 3451 897 3531 proficere.
946 3455 1036 3513 Tune
1057 3473 1112 3534 ego
1132 3454 1245 3515 iterum
1266 3454 1319 3512 in-

196 3552 367 3633 terrogavi:
409 3550 495 3629 quid,
512 3569 584 3630 ergo
611 3569 715 3609 serras
742 3551 780 3610 de
801 3551 936 3612 Domino
957 3553 1074 3612 Joanne
1093 3553 1317 3612 Plefferkorn?

197 3655 288 3712 Tunc
308 3649 520 3729 respondendo
543 3647 635 3708 dixit:
677 3669 732 3728 ego
753 3649 883 3710 firmiter
902 3660 1008 3724 teneo,
1046 3652 1129 3730 quod
1149 3651 1258 3711 adhue
1271 3661 1320 3712 cst

145 3732 148 3747 ⁸
196 3751 344 3822 Judaeus,
378 3760 410 3806 et
437 3746 613 3828 replicando
643 3747 838 3827 allegationes
862 3753 955 3829 anp'ra
975 3759 1131 3830 tractatas,
1171 3751 1318 3831 allegavit

197 3851 288 3909 etiam
309 3849 512 3928 Evangelinm
533 3845 643 3907 Matth.
657 3847 685 3905 ὅ.
707 3847 762 3905 ubi
782 3856 853 3907 stat:
894 3847 984 3920 „Nisi
1011 3849 1080 3928 quis
1099 3858 1223 3909 renatus
1244 3848 1319 3908 ine-

138 4011 140 4016 ,
195 3950 239 4009 rit
258 3967 297 4006 ex
317 3949 406 4026 Aqua
428 3957 458 4006 et
478 3945 611 4026 Spiritu,
632 3965 697 4005 non
716 3943 843 4007 intrabit
862 3946 898 4007 in
916 3946 1012 4008 vitam
1031 3949 1217 4009 aeternam.“
1253 3945 1318 4007 Sed

172 4047 268 4128 ,qnia
289 4045 486 4106 Plefferkorn
513 4065 670 4125 nunquam
690 4044 756 4104 vfuit
784 4043 907 4106 renatus
931 4047 1127 4127 exspuitur,
1167 4065 1239 4126 ergo
1260 4045 1319 4106 illu

196 4159 274 4222 aqua
302 4142 385 4203 nihil
411 4141 558 4224 proiecit,
597 4144 652 4206 aed
675 4143 742 4224 ipse
769 4145 904 4232 manebit
929 4133 1122 4212 Judaem‘in
1142 4155 1317 4206 aeternum.

197 4245 287 4304 Tune
309 4253 365 4320 ego
385 4261 450 4302 non
469 4241 557 4324 potui
576 4242 608 4302 ei
627 4243 709 4310 ultre
729 4243 930 4325 respondere,
967 4253 998 4306 ct
1017 4244 1220 4316 surreximus,
1258 4263 1317 4324 ego
