2866 4724
186 341 249 409 276
443 341 456 356 ·
551 303 1007 394 urro'rounu=

187 469 258 560 estis
279 491 405 557 realiter
424 485 586 559 haeretici,
622 489 693 571 plns
719 507 812 568 quam
833 487 973 554 Vessslis
1003 496 1034 548 et
1056 488 1173 546 Ductor
1191 485 1325 546 Rsuclts

186 597 243 658 lin.
284 592 413 664 Videte,
437 588 610 650 reverende
630 585 778 668 Magister
799 587 950 661 Ortuins‚
984 586 1040 646 lias
1059 587 1212 648 novitates
1233 583 1323 646 volni

187 693 276 758 vobis
297 691 389 750 etiam
411 689 560 760 scribere,
582 685 737 765 quomodo
759 686 820 766 ipsi
840 684 1047 746 communiter
1066 705 1173 744 omnes
1194 693 1323 744 teneant

187 803 295 856 contra
315 811 369 852 vos
390 807 459 848 cum
481 783 648 846 Rcuchlin.
688 787 750 844 Par
767 783 984 844 conscientiam
1005 804 1206 862 mean1,·cgo
1228 785 1322 844 credo

188 892 341 970 donique,
362 886 445 966 quod
465 885 607 944 diabolus
629 883 715 944 favet
735 882 795 962 ipsi
816 882 983 955 Rouclslin,
1005 892 1036 942 et
1054 893 1128 942 tunc
1148 881 1229 940 beno
1249 903 1322 963 per·
1423 871 1424 880 ¹

186 989 401 1052 merlavimus.
415 1006 479 1046 uos·
521 984 561 1042 Et
580 983 625 1042 sic
644 981 827 1042 commendo
848 981 1016 1043 merobis.
1058 982 1107 1040 Ex
1122 981 1231 1060 Spita,
1267 982 1322 1040 ubi

188 1091 227 1150 de
247 1087 337 1148 nobis
357 1085 503 1144 dicuntur
524 1082 693 1156 mirabilis,
731 1082 804 1159 qnia
824 1101 931 1140 omnes
950 1079 1182 1140 Reuclrlinistas
1202 1081 1321 1152 dicunt,

188 1188 271 1269 quod
295 1185 492 1250 colonienses
512 1183 560 1243 nil
581 1193 654 1240 sunt
674 1200 767 1260 quam
788 1169 1002 1260 copulatistss:
1022 1178 1076 1236 sod
1097 1181 1231 1240 multum
1245 1200 1322 1259 gau-

188 1289 247 1348 deo
269 1287 312 1346 do
328 1283 432 1357 vobis,
454 1282 539 1361 quod
559 1279 678 1362 patiens
701 1279 781 1352 ostis,
802 1281 882 1338 sicut
905 1278 982 1351 oris,
1001 1286 1033 1336 st
1043 1279 1168 1357 potestis
1177 1278 1245 1359 pati
1256 1279 1320 1350 illa,

103 1433 109 1442 ,
188 1385 268 1447 siout
288 1383 393 1444 essetis
412 1382 549 1462 simplex
566 1377 713 1440 Sacerdos
727 1377 761 1438 in
776 1378 860 1440 villa·

136 1525 140 1537 r
190 1568 343 1630 Perdocta
354 1567 486 1628 Artium
495 1563 730 1642 prohibitarum
746 1565 792 1622 M.
809 1562 944 1620 Ortus'oo
961 1563 1131 1631 Gratiano,
1144 1560 1321 1622 Coloniensi
1428 1609 1429 1612 ,

372 1675 374 1688 “
487 1665 653 1744 Theolcgo,
682 1667 731 1730 M.
748 1663 923 1721 Boukolos
936 1665 1031 1722 Kritz.
1062 1733 1066 1750 ·

272 1782 409 1842 Salutem
429 1781 575 1860 occipito,
612 1778 734 1869 quanio
755 1778 865 1849 vultis,
899 1779 1044 1857 perdocto
1064 1777 1200 1838 Domine
1218 1779 1321 1858 Magi·
1429 1771 1430 1792 ¹

188 1895 249 1942 ster
267 1882 410 1942 Ortuino.
452 1879 543 1940 Dixit
564 1879 643 1938 mihi
667 1877 791 1958 quidam
814 1877 968 1957 quondam
988 1877 1118 1956 quodam
1141 1877 1175 1935 in
1195 1877 1264 1936 loco
1281 1879 1321 1936 ds

188 1978 403 2059 tobissquod
426 1978 496 2036 estis
518 1976 608 2036 valde
628 1975 784 2048 infirmus,
807 1986 837 2033 et
857 1976 979 2055 quando
992 1977 1062 2035 estis
1074 1975 1226 2054 infirmus,
1245 1988 1320 2036 tunc
1430 1991 1431 2000 ¹

190 2099 312 2160 semper
334 2077 435 2137 facitis
451 2076 540 2155 quasi
562 2076 665 2136 essetis
686 2065 826 2132 insanus:
848 2075 931 2153 quod
951 2075 1043 2134 laudo
1066 2074 1100 2134 in
1120 2075 1226 2148 vobis,
1247 2077 1321 2154 quia

189 2178 354 2261 proprium
376 2185 421 2235 est
440 2175 518 2248 illis,
535 2175 589 2254 qui
608 2175 708 2256 sciunt
728 2173 869 2232 scientias
888 2173 1075 2253 prohibitos,
1096 2172 1154 2232 hoc
1177 2187 1230 2248 ost,
1250 2176 1320 2234 dia·
1431 2203 1432 2208 ¹

189 2279 298 2340 bolum
323 2275 357 2334 in
386 2274 515 2346 vitrum,
550 2273 602 2332 vel
628 2291 812 2351 quocunque
844 2271 1009 2346 banniario,
1042 2273 1114 2351 quia
1142 2272 1195 2333 isti
1224 2287 1259 2332 ut
1282 2275 1319 2359 in

189 2376 362 2459 plurimum
383 2381 455 2432 sunt
476 2372 520 2467 ita
539 2371 641 2430 insani
663 2371 856 2451 quandoquo
904 2373 944 2430 Et
964 2380 1086 2452 oportet
1106 2372 1215 2446 etiam,
1236 2373 1321 2454 quod

190 2475 251 2536 sint
271 2471 387 2554 spurii,
417 2471 496 2530 sicut
516 2490 571 2530 vos
594 2469 643 2548 (ut
662 2470 741 2529 mihi
762 2471 799 2530 ab
820 2470 969 2548 singulari
987 2471 1088 2530 amico
1110 2470 1226 2531 dietum
1248 2473 1320 2552 cst),

191 2575 285 2635 otiam
306 2571 397 2643 estis,
437 2570 509 2647 quia
529 2569 578 2627 illi
595 2563 720 2649 scrisper
742 2582 814 2629 sunt
833 2571 977 2631 meliores
997 2561 1120 2631 dialiolo
1144 2571 1184 2632 ad
1201 2571 1321 2652 aliquid

192 2671 395 2731 efficiendum.
436 2667 521 2746 Quia
541 2667 681 2726 diabolus
702 2689 765 2727 non
786 2669 831 2728 ita
853 2669 987 2730 libenter
1008 2669 1170 2729 committit
1186 2691 1222 2732 ss
1240 2671 1322 2752 logi·-

154 2821 157 2830 ,
191 2769 285 2844 timis,
305 2778 340 2830 ut
360 2769 439 2827 sicut
459 2765 582 2845 spuriis,
604 2765 658 2845 qni
678 2775 750 2827 sunt
768 2768 964 2846 singulariter
976 2770 1042 2850 *apti
1063 2770 1193 2834 diabolo.
1227 2771 1274 2831 Et
1294 2773 1322 2829 si

193 2870 296 2930 solum
318 2867 421 2926 essetis
439 2863 628 2939 Monachus,
672 2875 746 2925 tunc
771 2867 876 2926 omnia
902 2867 982 2926 dona
1008 2868 1161 2927 haberetis
1180 2868 1220 2928 ad
1241 2868 1322 2929 hsno

190 2979 307 3039 anem,
348 2976 378 3022 et
399 2975 473 3023 tuno
500 2963 603 3023 essetis
632 2968 788 3044 egregium
810 2967 1049 3028 instrumentum
1074 2967 1197 3044 diaboli.
1259 2969 1321 3028 Ubi

193 3065 275 3126 enim
297 3063 436 3122 diabolus
456 3062 639 3143 pervenire,
672 3065 724 3123 vel
747 3065 865 3146 aliquid
893 3067 1012 3125 efficcrc
1039 3085 1105 3125 non
1126 3075 1244 3146 potest,
1273 3067 1322 3127 iti

147 3184 314 3254 wsomper
332 3161 426 3221 mittit
447 3182 541 3220 unam
565 3163 675 3221 malam
695 3164 851 3243 antiquam
870 3164 1033 3240 Vetulon,
1054 3164 1107 3225 vel
1127 3185 1225 3225 unum
1246 3167 1322 3226 Mo—

190 3263 336 3324 nachum.
399 3259 459 3319 Sed
480 3279 538 3339 ego
560 3261 662 3319 nascio
683 3269 803 3335 tamen}
830 3281 871 3324 au
892 3263 957 3323 sitis
978 3263 1166 3340 Monachus5
1195 3263 1274 3344 quia
1293 3265 1322 3324 si

193 3363 312 3435 essetis,
350 3369 435 3419 tunc·
451 3379 548 3418 essem
575 3359 654 3419 beno
675 3372 854 3436 contentus,
897 3363 970 3442 quia
989 3362 1137 3422 Monaclsi
1156 3367 1231 3443 pra'o
1246 3365 1323 3424 ullis

192 3462 307 3524 habent
326 3459 414 3519 illam
435 3457 582 3540 gratiam,
626 3457 710 3538 quod
738 3473 811 3520 sunt
829 3462 969 3542 protervi
988 3464 1138 3538 multum,
1174 3472 1213 3522 ‹et
1232 3463 1324 3542 quio-

191 3561 269 3643 quid
289 3567 457 3632 conantur,
495 3556 555 3616 hoo
574 3556 677 3627 facero
697 3559 828 3638 audent5
855 3561 935 3621 sicut
954 3581 1056 3641 nuper
1075 3560 1182 3621 audivi
1202 3561 1242 3621 do
1256 3562 1325 3622 stt·

147 3647 159 3661 ⁴
192 3657 268 3741 ¹quo,
289 3657 344 3735 qui
363 3665 492 3718 vocatur
512 3657 628 3717 Psulus
647 3656 796 3736 Longius,
818 3671 849 3717 et
870 3660 992 3740 scripsit
1006 3679 1104 3719 unum
1123 3661 1325 3722 excellentis·

192 3758 306 3820 simum
334 3765 496 3817 tractatum
525 3776 595 3816 oum
629 3759 769 3832 versibus
796 3770 903 3820 contra
921 3759 1075 3819 -Jscobum
1105 3759 1325 3840 Wimpholiu-

191 3877 282 3939 gum,
304 3868 334 3914 st
353 3856 432 3916 bene
450 3855 614 3936 scompisst
634 3875 715 3916 eum.
776 3857 817 3916 Et
837 3859 927 3917 etiam
942 3859 1056 3918 *dicunt
1074 3857 1114 3917 do
1133 3858 1191 3917 illo
1204 3859 1322 3933 Paulo,

78 3955 84 3966 “
192 3953 276 4037 quod
294 3974 407 4016 novem
430 3955 529 4014 modis
551 3955 689 4015 cucurrit
710 3954 809 4033 (salvs
829 3957 1018 4034 reverantia)
1039 3975 1079 4014 ex
1099 3957 1240 4018 claustro.
1280 3959 1324 4019 Et

189 4052 339 4136 quicquid
360 4073 452 4114 nemo
474 4063 605 4113 conatur
625 4053 743 4128 succro,
762 4053 824 4114 lroc
844 4055 910 4136 ipse
932 4039 1015 4116 lacit.
1055 4057 1096 4117 Et
1110 4057 1212 4130 oredo,
1236 4057 1324 4138 quoti

192 4152 284 4214 ctiam
306 4150 471 4230 aliquando
489 4153 531 4214 sit
548 4154 693 4219 insanus,
728 4164 759 4214 et
781 4154 864 4234 quod
883 4154 924 4214 sit
941 4155 1074 4235 spurius
1114 4152 1261 4218 Tertium
1281 4177 1324 4217 ax

190 4247 352 4316 sehabet,
386 4259 418 4311 et
438 4269 494 4333 ogo
513 4249 684 4332 plurimum
705 4252 819 4328 laudo,
856 4253 940 4334 quod
961 4255 1054 4316 etism
1075 4255 1147 4317 estis
1165 4256 1323 4316 nobis-si*
