2840 4718
215 289 1076 375 1v.couciusouumuneouoossrsauu.
1146 291 1211 364 aar
1312 375 1315 381 ,

80 450 231 536 pueriin
251 449 381 525 scholis,
412 450 468 532 qui
488 469 545 512 uos
565 455 853 529 ncu‘ccgnoscunt,
881 458 913 512 et
932 449 1058 530 quando
1077 449 1211 518 audiunt

79 555 292 633 Hogstratum,
312 559 435 632 putant,
457 550 542 630 quod
560 549 740 610 nominatur
759 547 908 622 diabolus,
928 549 1123 628 quodadhuc
1137 553 1211 620 vul·

78 653 119 714 tis
139 652 310 715 defendere
331 649 456 711 Curiam
477 650 659 711 Romanam.
695 647 843 730 ‚Haberet
863 646 987 726 quidem
1007 648 1120 710 bonam
1140 651 1211 712 fcr-

12 792 22 810 1
78 773 179 826 mana,
199 751 229 811 si
247 749 350 810 essetis
373 769 469 830 capax
491 747 731 826 beneficiorum,
762 747 842 806 sicat
862 745 1007 826 Magister
1025 761 1130 810 noster
1148 750 1211 810 Ee-

79 851 166 916 ciue:
197 850 252 922 ille
273 849 409 910 lucratus
430 857 475 908 est
494 846 625 927 taliqnid
644 867 715 907 cnm
736 845 800 906 suis
820 846 1004 906 clamoribus
1030 856 1061 907 et
1082 867 1139 912 sua
1156 849 1212 910 be-

78 950 240 1024 stialitate,
261 933 335 1029 quia
352 949 511 1008 Romanus
534 946 692 1021 Pontifex,
713 943 835 1024 quando
857 964 960 1024 nuper
978 945 1072 1008 rediit
1090 967 1131 1014 ex
1149 967 1212 1009 ur.

76 1051 133 1124 be,
172 1048 299 1120 donavit
324 1047 383 1109 sibi
403 1047 585 1128 quingentos
613 1044 764 1118 florenos,
803 1055 834 1104 et
853 1063 952 1104 unum
974 1044 1212 1126 pinguissimum

77 1145 273 1211 beneficium.
331 1149 403 1206 Das
421 1147 510 1216 lent,
552 1145 610 1206 das
633 1144 717 1204 locist
742 1144 847 1206 Odren
868 1143 1026 1226 gebissen,
1070 1143 1137 1210 ond
1153 1145 1212 1208 den

43 1271 46 1275 ·
77 1250 225 1308 Kautzen
242 1245 435 1326 geetricbeu,
458 1245 533 1306 licet
552 1245 592 1304 sit
611 1243 738 1304 infamis
759 1243 842 1325 apud
865 1244 983 1317 doctos,
1015 1252 1046 1303 et
1066 1255 1213 1325 reputent
1286 1243 1288 1248 ’

77 1367 151 1407 eum
170 1367 228 1426 pro
248 1346 341 1418 asino.
383 1345 445 1405 Sed
466 1345 525 1404 hoc
543 1343 611 1424 ipse
632 1363 697 1404 non
718 1354 821 1420 curat3
842 1352 1021 1406 vosautem
1044 1344 1116 1408 estis
1130 1365 1213 1408 unus

76 1467 199 1528 pauper
228 1446 326 1510 frater
358 1455 390 1508 et
418 1444 588 1506 mendicus.
652 1442 742 1504 Dabo
771 1441 869 1524 igitur
889 1440 985 1516 ,vobis
1006 1463 1105 1506 uuum
1125 1443 1213 1508 aliud
1268 1507 1272 1514 ,

77 1544 252 1606 consilium.
292 1545 461 1625 Nunquam
480 1535 609 1623 legistis,
643 1543 799 1616 „Munera
822 1554 1029 1622 corrumpunt
1050 1545 1085 1604 et'
1101 1544 1213 1608 obcae-

76 1657 150 1708 cant
170 1643 262 1706 etiam
284 1644 389 1707 oculos
410 1640 643 1724 sapientnm“l
690 1643 821 1720 Hogstr.
838 1642 903 1722 Ego
923 1661 992 1702 snm
1012 1638 1057 1702 ita
1078 1663 1213 1724 occupa·

76 1753 128 1804 tus
149 1743 185 1804 in
204 1753 308 1804 sancto
328 1741 465 1818 Thema,
495 1741 578 1822 quod
597 1759 758 1820 uunquam
781 1741 816 1800 in
835 1740 901 1802 vita
921 1760 991 1800 mea
1011 1742 1132 1823 perlegi
1156 1743 1212 1810 Bi·-

75 1843 180 1906 bliam.
222 1845 305 1904 Sten.
324 1844 393 1904 Hoc
413 1862 479 1903 uon
501 1851 546 1904 est
565 1849 665 1914 tecte,
688 1839 808 1900 faciatis
832 1860 904 1922 ergo
926 1839 1043 1916 adhuc,
1066 1842 1139 1922 quia
1152 1861 1212 1927 per

74 1945 202 2024 nullum
222 1943 317 2004 alium
338 1941 467 2002 modum
486 1960 647 2023 possumus
669 1960 741 2000 eum
761 1939 896 2013 vincere,
917 1939 979 2008 nisi
999 1959 1058 2019 per
1078 1950 1209 2018 textum,

75 2063 151 2104 uana
170 2052 291 2118 caetera
310 2041 415 2102 omnia
434 2041 489 2101 ille
509 2039 619 2119 rejicit.
660 2037 701 2098 Et
721 2059 819 2102 unum
842 2037 937 2098 alind.
993 2017 1211 2102 Debetisscri-

75 2145 153 2205 bere
172 2140 386 2214 sanctissimo,
420 2139 576 2219 quodne
597 2137 658 2203 sibi
678 2157 776 2198 unum
798 2137 1027 2198 Cardinoletum
1054 2138 1105 2200 vel
1131 2139 1210 2220 Epi-

76 2251 253 2324 scopatum,
296 2253 326 2300 et
347 2240 511 2309 uidebitis,
541 2236 639 2318 ⁴quod
665 2237 726 2296 cito
753 2237 864 2298 tacebit
891 2246 923 2296 et
956 2237 1114 2298 revocabit
1140 2258 1209 2298 om-

74 2343 131 2404 nia
152 2339 218 2420 *.)
253 2343 367 2420 Hogst.
394 2339 460 2420 Ego
493 2337 605 2411 timeo,
639 2335 722 2416 quod
742 2355 804 2395 non
829 2335 977 2416 recipiet,
999 2336 1072 2416 quia
1092 2358 1142 2398 res
1161 2349 1221 2410 est

75 2441 171 2504 nimis
193 2441 374 2522 divulgata,
397 2451 427 2500 et
448 2447 525 2497 esset
544 2435 603 2496 sibi
626 2455 691 2494 mao
675 2455 770 2514 num
790 2436 977 2497 scandalum
1039 2435 1140 2498 Credo
1160 2446 1210 2500 ta-

74 2564 167 2616 men,
209 2541 292 2621 quod
311 2559 451 2598 summus
470 2519 619 2598 Pontifex
640 2536 727 2593 daret
747 2533 805 2592 sibi
825 2534 1005 2594 nouaclum
1026 2513 1208 2596 cardinale

73 2653 158 2716 tum,
179 2640 344 2702 sedetiam
368 2638 444 2698 duos
464 2638 517 2698 vel
537 2647 600 2701 uas
616 2634 857 2714 Episcopatus,
864 2643 984 2694 tantum
1005 2643 1040 2694 ut
1061 2635 1208 2714 loquere·

74 2752 127 2802 tur
161 2749 269 2802 contra
298 2736 506 2818 indulgentias
534 2744 565 2795 et
595 2743 701 2794 eontra
726 2752 813 2792 suam
833 2732 1003 2794 avaritiam.
1066 2734 1152 2794 Stcn.
1172 2734 1208 2799 Si

73 2841 134 2906 hoc
154 2859 223 2902 nou
240 2836 345 2920 juvat,
381 2849 457 2900 tunc
477 2846 560 2898 certe
580 2836 698 2898 factum
718 2841 779 2911 est3
817 2850 871 2914 ego
896 2852 961 2894 non
979 2851 1105 2914 postam
1124 2833 1208 2900 ultre

140 3155 173 3227 ⁴⁸)
190 3156 289 3221 Diese,
309 3156 338 3210 iu
358 3171 474 3213 neuma·
493 3153 555 3206 Zeit
570 3170 624 3206 von
641 3153 778 3222 gemeiuer
788 3137 1054 3221 Mittelmissigkeit,
1066 3151 1123 3206 und
1138 3171 1208 3206 ruer
1282 3181 1286 3186 ·

72 3241 112 3294 als
131 3242 244 3310 eigeuer
259 3242 378 3308 Einfall,
403 3241 619 3310 anigeworfene,
635 3239 740 3306 Frage,
759 3238 844 3290 durch
860 3237 906 3288 die
923 3255 986 3288 man
1004 3235 1120 3288 Luthers
1136 3237 1207 3294 Cha-

71 3327 164 3380 tahter
182 3325 360 3380 herabsetzen
377 3325 447 3394 will,
472 3325 508 3376 ist
526 3323 583 3376 also
602 3322 686 3374 sehon
707 3341 739 3373 zu
759 3322 840 3388 jenen
858 3321 954 3388 Tagen
971 3320 1055 3372 selbst
1074 3337 1126 3372 von
1145 3321 1206 3372 dem

71 3409 301 3478 diplomatiscben
321 3409 416 3462 Tbeile
441 3409 490 3461 der
508 3409 687 3462 Verlinsterer
705 3403 887 3474 suigewori'en
904 3403 1028 3464 worden3
1055 3419 1082 3454 es
1101 3403 1207 3455 scheint
1269 3409 1272 3417 '

69 3493 194 3562 jedoch,
209 3495 270 3548 dass
287 3509 363 3558 man,
387 3495 415 3546 in
433 3495 482 3545 der
498 3493 712 3558 Ueberzeugnng
728 3507 781 3540 von
800 3489 862 3540 dem
880 3487 1039 3555 Misslingen
1057 3487 1131 3537 eines
1151 3487 1207 3539 scl-

71 3579 143 3630 chen
161 3579 331 3647 Versnches,
355 3579 502 3630 denselbffl
519 3577 631 3629 niemsls
650 3579 763 3642 gewegu
812 3573 864 3624 Die
882 3571 1010 3638 Ansicht,
1038 3570 1140 3648 welche
1158 3587 1206 3622 rn-

71 3663 148 3730 giht,
167 3661 229 3716 dass
246 3665 350 3716 Lather
366 3662 451 3716 durch
470 3664 550 3714 einen
567 3659 761 3714 Kardinalshut
778 3675 811 3708 au
828 3655 976 3708 bestecheu
991 3671 1113 3722 genesen
1125 3654 1205 3718 u'e’re,

68 3747 108 3802 ist
127 3765 197 3816 gana
224 3748 328 3815 werdig
354 3748 403 3800 der
422 3746 524 3800 andern
543 3746 667 3814 genialen
689 3742 883 3808 Behauptung,
913 3737 1016 3790 welche
1042 3755 1103 3790 man
1127 3747 1206 3790 unter

70 3831 134 3885 dem
160 3833 302 3902 gemeiaen
325 3832 411 3886 deel
433 3832 479 3884 bei
502 3830 563 3882 dem
587 3827 752 3880 Katholiken
776 3823 867 3876 mehre
854 3841 899 3876 ere
923 3821 1121 3876 Jahrhunderte
1142 3821 1206 3900 hin-

69 3915 158 3966 durch
176 3916 297 3986 gangbar
314 3916 452 3982 gemacht,
492 3914 542 3966 der
561 3914 626 3965 aber
643 3911 712 3963 auch
736 3907 806 3960 noch
830 3907 897 3959 haut
922 3924 955 3957 zu
973 3903 1050 3974 Tage
1067 3904 1122 3956 viel
1139 3895 1208 3958 vora
1243 3917 1245 3922 ’

68 4000 197 4052 nehmer
203 4001 288 4052 Pb'bel
304 3999 427 4069 huldigt,
445 3999 578 4052 nemlich.
611 3996 714 4048 Luther
734 4009 781 4061 sey
805 4008 851 4042 aus
873 3989 1045 4054 Rachsucht,
1075 3988 1135 4040 weil
1155 3987 1204 4040 das

68 4084 193 4138 Sensalat
207 4085 256 4137 des
274 4083 484 4136 Ablasshandels
502 4082 579 4134 nicht
592 4079 664 4147 ihm,
683 4077 802 4130 sendum
823 4075 886 4128 dem
901 4075 1095 4128 Dominikaner
1108 4073 1203 4126 Tetael

66 4170 236 4239 iibertrageu
255 4170 380 4239 worden,
416 4169 500 4225 wider
521 4167 575 4218 den
593 4163 676 4218 Pabet
695 4161 751 4215 und
770 4160 817 4214 die
833 4158 969 4214 rbmische
988 4155 1091 4220 birche
1108 4157 1204 4226 anige-

68 4255 196 4310 stauden.
995 4319 996 4324 Ἰ

925 4330 966 4395 25
978 4328 999 4375 t
