2872 4722
222 267 285 376 tto
509 367 514 382 ,
588 307 1049 386 Ειίεωοωε,

305 469 465 550 Magister
484 467 644 530 cornelius
663 465 784 526 Storati
802 467 851 528 M.
874 464 1009 526 Ortuino
1035 468 1271 551 salutemplur.
1345 455 1350 513 Ϊ

306 568 484 630 Secundum
499 566 652 648 poaudatu
664 575 787 642 vestre,
823 585 902 646 queo
922 566 1047 629 misistis
1071 566 1152 628 mihi
1177 569 1213 630 in
1233 568 1357 641 urbem,

221 668 347 750 quando
365 666 467 727 adhue
496 665 546 726 fui
566 663 682 728 Curiae
701 664 877 740 Romanae,
908 665 992 747 quod
1012 665 1108 726 debeo
1128 667 1218 729 vobio
1237 667 1359 729 articu-

146 835 148 852 .
220 768 330 830 l'eriter
350 763 549 848 significares
571 762 727 844 quomodo
745 773 805 824 stat
823 764 983 845 negotium
1002 763 1038 826 in
1057 783 1147 826 ceusu
1167 767 1256 828 Fidei
1272 768 1359 828 inter

220 889 293 942 vor,
316 876 347 928 et
366 865 443 926 alios
463 862 659 944 Theologos,
681 871 712 923 et
728 864 878 924 loannem
898 863 1064 928 Reuchlin.
1106 863 1283 928 Advertatio
1302 887 1361 928 ro·

219 988 269 1051 go.
308 966 373 1044 Ego
387 962 431 1024 itu
442 963 586 1024 celeriter
599 961 701 1036 toiri,
722 961 806 1043 quod
825 981 889 1023 nou
909 964 1000 1046 potui
1020 963 1155 1026 scribere
1167 986 1266 1026 unum
1281 988 1357 1028 ver-

218 1069 303 1130 bum.
344 1065 385 1126 Et
405 1059 554 1145 proposui
567 1059 669 1137 milri,
690 1059 774 1141 quod
794 1081 850 1143 ego
867 1063 941 1122 volo
962 1062 1051 1124 vobio
1070 1063 1205 1126 scribere
1219 1086 1260 1125 ex
1273 1066 1357 1128 Poe-

217 1167 297 1240 tn'u,
320 1172 352 1225 et
373 1181 430 1241 ego
451 1147 537 1221 nuno
556 1157 648 1220 facie.
709 1161 792 1242 Ergo
812 1160 929 1240 echtie,
961 1163 1060 1243 quod,
1081 1164 1205 1244 quando
1225 1184 1282 1246 ego
1305 1165 1355 1226 fui

216 1269 353 1338 Romae,
374 1273 450 1324 tune
470 1278 536 1320 non
555 1259 636 1319 bene
654 1259 757 1336 stetit5
775 1260 873 1321 valde,
888 1260 988 1322 doleo.
1029 1261 1111 1323 Nam
1126 1263 1273 1342 Magister
1294 1269 1359 1325 no-²

116 1433 118 1442 .
216 1376 280 1426 ster
299 1363 429 1426 lacobus
448 1359 488 1420 do
507 1357 693 1440 Hogstraten
716 1368 762 1418 ert
781 1353 817 1420 in
836 1349 948 1438 mag'na
968 1370 1159 1441 paupertate.
1199 1361 1274 1424 Non
1295 1362 1355 1423 lru-

215 1463 295 1527 betia
313 1458 552 1534 verecundiam
590 1477 647 1519 voe
665 1457 836 1539 Theologi,
872 1457 957 1539 quod
978 1479 1043 1518 non
1064 1459 1185 1520 mittitis
1206 1461 1236 1521 ei
1254 1481 1354 1542 pecu-

212 1561 343 1625 niamt.
365 1556 546 1624 vorvultis
568 1555 716 1638 expedire
736 1557 905 1637 magnalia,
943 1565 974 1617 et
994 1577 1060 1618 non
1079 1557 1175 1620 vultis
1195 1578 1353 1640 exponere

214 1661 390 1746 pecuniam.
431 1656 590 1731 Credatis,
611 1656 696 1734 quod
715 1665 761 1718 ert
779 1654 968 1716 iaciendum.
1012 1656 1146 1736 Quando
1171 1656 1226 1718 ille
1247 1659 1352 1740 Megi-

214 1772 288 1823 ster.
300 1769 407 1832 noster
423 1755 706 1824 intravitltomam
727 1775 798 1816 eum
819 1755 940 1815 duobus
969 1756 1022 1816 rel
1042 1757 1141 1818 tribuo
1162 1757 1249 1838 equis
1255 1800 1265 1832 ,
1292 1758 1351 1820 lra-

200 1861 291 1923 tens
311 1855 477 1940 pecuniam
497 1855 534 1914 in
553 1856 673 1932 Boreo,
694 1863 726 1916 et
747 1853 799 1914 dat
820 1855 967 1936 propinas
978 1896 988 1929 ‚
1008 1866 1083 1916 tuno
1105 1856 1262 1930 Curtisani
1285 1859 1351 1920 vul·

213 1961 253 2022 de
273 1960 510 2036 honoraverunt
535 1951 645 2034 ipsum.
705 1955 747 2014 Et
773 1953 856 2014 dixit
881 1972 963 2014 unus
990 1955 1161 2016 edulium:
1203 1955 1283 2034 Quis
1304 1967 1350 2018 est

211 2058 303 2121 irtel,
333 2053 506 2138 Respondit
524 2053 621 2115 elius:
658 2053 729 2134 Ipse
750 2062 795 2112 est
814 2072 895 2113 unus
915 2051 1034 2115 Doctor
1053 2055 1092 2114 de
1113 2054 1278 2130 Almanie‚
1305 2057 1349 2118 itu

210 2157 377 2231 notabilia,
405 2155 484 2215 sicut
504 2161 550 2214 eet
568 2152 730 2232 possibile3
762 2161 793 2212 et
814 2161 860 2212 eat
879 2151 1087 2233 speculativos
1106 2163 1137 2214 et
1157 2156 1349 2236 argumenti-

210 2259 269 2320 iex
288 2252 469 2337 singularis,
491 2251 575 2333 quod
592 2272 657 2313 non
676 2250 770 2312 habet
790 2251 933 2311 similem.
994 2251 1065 2333 Ipse
1086 2251 1178 2314 habet
1197 2254 1249 2314 hic
1273 2276 1349 2316 ceu·
1431 2331 1432 2334 Ἴ

210 2378 277 2420 eam
298 2355 515 2418 Fideicontre
541 2372 641 2412 unum
667 2351 814 2412 inustam
834 2351 1016 2412 secularem.
1075 2354 1166 2413 Tune
1188 2353 1348 2422 Curtiaani
1431 2339 1432 2345 ἵ

208 2458 418 2520 laudaverunt
444 2473 534 2527 eum,
564 2461 596 2512 et
622 2471 713 2532 saepe
737 2452 897 2528 dixerunt,
911 2450 1009 2512 milri:
1048 2452 1186 2513 Domine
1207 2452 1346 2528 Corneli,
1374 2469 1378 2474 ’

210 2555 424 2618 commendate
443 2573 503 2614 me
514 2550 591 2612 huie
611 2550 742 2613 notabili
760 2551 939 2634 Theologo,
972 2559 1124 2633 protunc
1144 2551 1254 2614 habuit
1276 2553 1348 2613 fau·
1430 2553 1431 2580 ;

209 2669 303 2734 tores,
323 2668 356 2716 et
375 2674 467 2716 cause
485 2672 542 2714 oua
561 2653 641 2713 bene
661 2650 753 2713 stetit.
794 2651 888 2712 Nunc
907 2659 1009 2712 eutem
1030 2650 1245 2731 derelinquitis
1262 2673 1345 2728 eum,

207 2778 274 2818 nou
294 2755 428 2816 mittens
453 2750 485 2811 ei
510 2751 582 2818 estio
612 2749 652 2811 de
682 2749 825 2832 pecunia.
885 2750 952 2832 Ego
975 2751 1073 2812 semel
1090 2750 1192 2812 fulin
1212 2751 1352 2814 Comere
1429 2825 1430 2833 ἵ

206 2857 321 2938 ipsius,
341 2864 417 2914 tuno
435 2848 504 2911 vidi
524 2849 571 2911 ibi
589 2848 692 2930 jecere
711 2869 840 2931 cappam
860 2869 965 2924 auem,
1006 2860 1037 2912 et
1056 2850 1140 2925 vidi,
1175 2851 1261 2932 quod
1281 2850 1346 2914 fuit

206 2956 302 3037 plena
321 2949 549 3033 pediculorum.
608 2951 650 3010 Et
668 2947 735 3030 ipse
755 2948 881 3024 videns,
903 2949 986 3029 quod
1006 2970 1061 3030 ego
1079 2949 1162 3025 vidi,
1197 2951 1346 3031 allegavit

208 3053 424 3136 Scripturam,
442 3049 561 3109 diceus:
603 3046 787 3124 „Animalia
806 3059 860 3108 tue
878 3048 1060 3109 habitabunt
1072 3048 1106 3112 in
1126 3070 1171 3112 ea.
1223 3049 1345 3110 Parasti
1428 3071 1429 3076 ¹

205 3149 242 3212 in
261 3145 426 3210 dulcedine
441 3159 495 3210 tua
514 3150 647 3231 pauperi
658 3149 775 3209 Deus.“
815 3149 857 3209 Et
878 3148 992 3209 iterum
1012 3148 1107 3208 dixit:
1148 3135 1349 3225 „Tebesoere'

205 3269 257 3311 me
285 3249 361 3310 feeit
388 3247 472 3308 aelus
499 3251 619 3307 meur.·“
643 3305 650 3317 ,
680 3247 746 3328 Ego
773 3257 877 3308 autem
904 3269 945 3308 ex
972 3245 1238 3308 commiseratione
1256 3248 1344 3309 flevi.
1427 3319 1428 3323 Ἰ

205 3347 335 3409 Debetis
357 3367 429 3430 ergo
451 3367 515 3408 esse
536 3366 596 3426 pro
624 3367 679 3420 eo,
717 3347 802 3425 quod
828 3361 932 3408 tumen
957 3349 1081 3407 Fratres
1108 3340 1342 3408 Praedicatores

205 3448 329 3508 mittant
349 3446 380 3506 ei
400 3446 574 3527 pecuniam.
618 3447 652 3505 Si
671 3445 792 3522 dicant,
813 3447 897 3526 quod
915 3435 981 3507 non
1000 3446 1130 3523 habent,
1159 3456 1234 3507 tuno
1255 3444 1344 3504 dica·

205 3549 262 3622 tis,
293 3546 377 3628 quod
402 3546 555 3627 accipiant
584 3546 623 3608 de
645 3545 718 3622 illu,
766 3567 859 3627 quam
886 3547 1079 3626 collegerunt
1107 3567 1147 3606 ex
1171 3529 1342 3621 indulgen-

203 3647 265 3707 tiis.
330 3645 415 3724 Quin
442 3655 488 3706 est
517 3666 609 3706 cause
636 3645 743 3722 Fidei,
788 3657 819 3706 et
845 3667 924 3726 quae
941 3645 1156 3727 impetrantur
1180 3644 1236 3704 illa
1263 3662 1342 3702 cau-

203 3767 237 3808 sa
249 3789 258 3822 ,
298 3745 506 3827 impetrentur
545 3765 605 3828 pro
644 3744 724 3806 Fide
763 3744 948 3806 Christiane.
1018 3745 1138 3808 Velete.
1217 3742 1339 3804 Datum

202 3847 367 3929 Augustae.

370 4013 484 4073 Frater
502 4009 653 4074 Albertus
664 3993 808 4088 Aeofieia
821 4013 870 4072 M.
887 4008 1023 4070 Ortuino
1047 4007 1167 4068 Gratio.

260 4113 261 4122 ἵ
281 4146 483 4212 Honorabilis
501 4149 577 4210 Vir!
607 4149 717 4230 Nuper
743 4147 832 4211 venit
858 4147 922 4208 lrue
948 4165 1012 4207 una
1031 4145 1136 4206 littera
1155 4164 1175 4203 a
1194 4139 1341 4204 domina-
1423 4227 1424 4232 η

199 4246 430 4316 timeretur,
470 4247 551 4309 mihi
579 4247 737 4310 destinate.
797 4249 839 4312 Et
867 4267 938 4309 cunr
953 4244 1075 4307 laetitia
1092 4243 1219 4325 aperui,
1261 4241 1337 4321 quia
1423 4239 1424 4299 l
