2896 4716
197 305 261 385 224
563 233 966 406 sussionis

100 465 103 470 ’
198 461 399 552 egregiissimi
418 460 585 546 Theologi:
621 475 652 524 st
675 460 856 524 nominastis
885 460 965 524 mibi
983 461 1164 545 Magistrum
1184 472 1329 524 nostrum

197 570 237 630 de
257 569 460 648 Hogstraten‚
489 562 610 643 Magist.
632 571 710 622 nost.
733 563 906 625 Arnoldum
927 563 966 622 de
986 565 1154 644 Tungaris,
1190 573 1222 623 ct
1245 564 1329 641 Mag.

197 677 276 729 nost.
296 665 492 748 Remigium,
527 672 558 722 et
575 663 694 744 Magist.
717 673 798 729 uest.
822 661 1023 724 Valentinum
1044 663 1082 724 de
1109 653 1329 733 (ichenheim,

197 777 230 829 et
250 767 373 849 Magist.
400 772 477 824 nost.
500 761 647 836 Petrum,
690 761 745 842 qui
775 773 916 844 tempore
943 781 1013 822 meu
1033 763 1157 843 regebat
1175 763 1209 822 iu
1233 763 1331 822 bursa

196 867 303 940 Kuek,
325 874 356 926 et
375 865 416 924 D.
428 864 601 942 Rutgerum
620 860 785 922 Lisenriat.
807 872 838 922 et
857 863 972 923 multos
994 862 1080 937 alios,
1100 863 1154 942 qui
1171 871 1242 924 actu
1253 869 1331 920 sunt

83 953 89 960 ¹
197 966 363 1039 Coloniae,
384 969 426 1031 ¹at
446 959 539 1021 etiam
557 963 666 1022 loann.
679 960 889 1037 Pfefferlrorn,
910 961 981 1041 qai,
1002 963 1141 1041 quamvis
1161 974 1207 1022 est
1226 960 1330 1020 laicus

142 1056 146 1077 ¹
197 1077 229 1129 et
248 1065 391 1126 indoctus
410 1061 445 1120 in
465 1059 592 1120 Artibus
611 1059 809 1134 liberalibus,
844 1073 875 1119 et
902 1080 1061 1140 nunquam
1077 1061 1216 1123 visitavit
1235 1061 1330 1121 sobo-

195 1167 241 1228 las
262 1163 527 1228 Christianorum,
548 1169 580 1219 et
599 1179 662 1220 non
683 1159 792 1219 didicit
810 1159 958 1240 logicum,
981 1169 1100 1236 tamen,
1129 1171 1164 1222 ut
1183 1146 1327 1232 scribitis,

195 1265 290 1327 babet
310 1260 501 1344 profundum
521 1257 728 1333 intellectum,
750 1268 782 1319 et
791 1278 846 1318 cor
858 1258 1078 1321 illuminatum.
1118 1263 1219 1321 Etiam
1240 1261 1328 1340 Apo-

196 1363 268 1426 stoli
289 1382 355 1425 uon
378 1360 509 1420 fuerunt
529 1356 630 1430 docti,
654 1366 758 1418 umen
779 1358 934 1418 sciverunt
955 1361 1069 1418 omnia.
1109 1361 1149 1420 Et
1168 1361 1212 1418 sic
1233 1369 1327 1439 puta-

196 1464 254 1538 tis,
285 1459 368 1542 quod
392 1457 526 1539 Spiritus
553 1467 674 1516 sanctus
703 1468 803 1538 potest
822 1457 978 1538 praedicto
996 1459 1106 1518 ioanni
1125 1459 1327 1519 Pfefferkorn

127 1585 132 1604 ·
195 1560 366 1624 infundere
386 1577 510 1618 omnem
530 1555 689 1617 scientiam
718 1567 909 1632 sanctorum,
948 1559 1026 1617 sieut
1053 1557 1128 1618 dicit
1156 1559 1326 1639 Scriptura.

196 1660 300 1724 Etiam
318 1657 498 1719 nominastis
517 1656 597 1717 mibi
619 1656 654 1716 in
675 1655 839 1735 Mogontia
860 1657 938 1717 duos
954 1656 1117 1736 Magistros
1134 1668 1265 1734 nostros,
1285 1661 1325 1718 D.

196 1759 468 1824 anotomaeum
480 1755 642 1831 Zebener,
663 1755 910 1816 Praedicatorem
927 1757 962 1816 in
983 1776 1121 1832 summo,
1154 1767 1185 1818 et
1205 1761 1245 1818 D.
1265 1759 1326 1818 Pe·

196 1861 281 1922 trum
296 1861 436 1918 Bertram
456 1856 646 1930 Plcbauum,
669 1865 699 1915 et
720 1855 990 1917 inFrancofordiu
1010 1859 1050 1916 D.
1068 1858 1194 1916 Petrum
1204 1859 1324 1937 Meyer,

197 1959 252 2040 qui
272 1967 317 2018 est
336 1956 491 2040 mirabilis¹
504 1956 540 2016 in
560 1954 754 2015 sermonibus
774 1956 854 2029 suis,
876 1965 908 2016 et
927 1956 1051 2035 quando
1066 1957 1152 2030 vult,
1173 1953 1240 2038 ipsis
1252 1958 1327 2018 facit

196 2058 340 2121 bomincs
352 2055 472 2118 ridere:
493 2067 524 2114 et
543 2055 665 2136 quando
685 2055 772 2130 vult,
792 2055 868 2115 facit
889 2075 940 2115 eos
959 2055 1051 2116 sserc:
1084 2068 1115 2115 et
1134 2056 1209 2117 facit
1228 2059 1327 2118 mira-

136 2134 140 2142 ,
184 2158 275 2221 'bilia
294 2153 510 2236 praedicando.
571 2154 746 2215 sectandum
767 2155 970 2229 boerellem,
991 2155 1075 2235 quod
1093 2155 1234 2216 faceretis
1257 2178 1328 2215 om-

197 2259 254 2320 nes
275 2256 314 2316 ad
334 2273 449 2328 unum,
486 2261 517 2315 et
539 2254 734 2335 expelleretis
752 2255 827 2314 istos
847 2254 974 2316 Iuristas
997 2264 1027 2314 et
1047 2257 1153 2315 Poetae
1171 2257 1327 2317 seculares

197 2356 251 2419 vel
271 2353 435 2436 imponatis
464 2352 508 2412 eis
533 2353 724 2426 silentium,
751 2354 835 2434 quod
864 2373 928 2414 uon
955 2343 1104 2416 auderent
1128 2355 1172 2415 ita
1190 2357 1328 2417 scribere
1417 2427 1420 2436 Ι

196 2457 303 2538 libros.
364 2455 405 2515 Et
436 2451 559 2532 quando
586 2453 704 2514 vellent
723 2453 1044 2538 aliquidcompilare‚
1084 2465 1159 2514 tunc
1178 2455 1328 2517 deberent

197 2554 285 2636 prius
305 2552 465 2614 ostendere
478 2551 632 2632 Magistria
651 2553 763 2615 nostris
783 2554 822 2614 ad
842 2552 1027 2628 videndum,
1058 2553 1086 2613 si
1105 2554 1196 2614 debet
1214 2557 1328 2637 impri-

197 2653 253 2714 mi.
292 2652 377 2712 Etsi
398 2671 461 2711 nou
481 2652 751 2733 placstMagistris
764 2652 893 2725 nostris,
914 2673 978 2713 non
995 2647 1085 2712 debet
1104 2646 1254 2734 imprimi,
1274 2659 1327 2716 vel

197 2752 290 2812 debet
310 2749 457 2810 comburi.
497 2751 599 2810 Etiam
620 2751 767 2811 deberent
786 2752 929 2831 Magistri
953 2753 1051 2812 nostri
1073 2752 1178 2814 fucere
1198 2757 1327 2816 manda-

198 2860 284 2917 tum,
320 2848 404 2928 quod
424 2847 530 2908 nullus
550 2849 663 2909 insiste
682 2851 735 2913 vel
750 2851 845 2911 Poeta
867 2851 985 2930 aliquid
1005 2852 1153 2914 scriberet
1168 2854 1203 2914 in
1219 2857 1327 2916 Theo-

197 2949 297 3030 logia,
334 2960 367 3006 et
386 2967 426 3007 ne
455 2945 689 3010 introducerent
713 2951 800 3010 illam
829 2970 943 3010 novam
964 2949 1147 3015 latinitatem
1169 2953 1204 3014 in
1223 2975 1327 3014 sacro-

117 3045 119 3048 ’
198 3048 333 3109 sanctam
355 3045 577 3126 Theologiam‚
598 3048 677 3108 sicut
696 3051 839 3110 fecerunt
856 3050 988 3110 loannes
1008 3053 1181 3125 Reucblin,
1204 3063 1236 3113 et
1255 3053 1328 3134 qui-

199 3148 286 3220 dam,
319 3157 354 3206 ut
374 3131 483 3219 audio,
519 3147 574 3227 qui
593 3148 767 3228 appellatur
794 3149 966 3210 Proverbia
992 3148 1133 3226 Erasmi,
1168 3153 1242 3233 quia
1262 3172 1327 3214 non

198 3255 271 3308 sunt
284 3244 532 3306 fundamentales
553 3245 587 3305 in
606 3267 661 3306 ea:
683 3258 714 3307 et
733 3249 879 3328 possibile
899 3262 957 3323 est,
978 3251 1061 3332 quod
1082 3273 1241 3333 nunquam
1263 3253 1328 3312 dis-

81 3351 82 3356 ’
102 3377 108 3382 -
198 3354 387 3428 putaverunt
406 3343 548 3425 publice,
578 3346 630 3406 rel
647 3356 816 3408 tenuerunt
837 3350 1064 3425 conclusiones,
1092 3350 1172 3412 sicut
1191 3363 1237 3412 est
1252 3373 1325 3412 mos

198 3446 263 3527 Ipsi
284 3445 395 3506 volunt
413 3442 536 3504 mittere
556 3444 668 3505 falcem
689 3446 723 3506 in
745 3467 873 3508 messem
894 3447 1038 3524 ulterius,
1068 3451 1152 3529 quod
1172 3450 1327 3532 Theologi

198 3565 264 3606 non
283 3544 395 3607 debent
414 3542 487 3622 pati.
526 3545 609 3622 Ergo
631 3564 705 3624 rogo
725 3565 798 3621 vos,
821 3547 904 3627 quod
923 3547 1026 3608 velitis
1045 3569 1154 3629 rogare
1173 3549 1264 3624 illos,
1288 3551 1328 3611 da

199 3644 310 3723 quibus
331 3640 483 3716 scribitis,
517 3643 600 3723 quod
629 3643 794 3724 disponant
822 3646 979 3726 disputare
1006 3659 1113 3708 contra
1134 3648 1206 3708 illos
1227 3670 1326 3711 novos

200 3742 401 3810 latinitatores
432 3753 463 3800 et
490 3741 718 3803 scommatizare
745 3763 796 3804 eos
821 3745 909 3804 bene.
972 3745 1013 3806 Et
1040 3747 1067 3806 ai
1087 3747 1210 3822 dicunt,
1243 3749 1327 3829 quod

198 3844 296 3904 sciunt
315 3841 419 3900 literas
440 3841 573 3902 Graecas
602 3853 632 3903 et
649 3844 834 3917 Hebraicas‚
867 3844 986 3906 habetis
1013 3847 1217 3926 respondere,
1243 3843 1326 3926 quod

199 3943 275 4006 tales
296 3941 405 4000 literae
425 3961 489 4002 non
510 3953 656 4004 curantur
676 3963 694 4001 a
715 3941 890 4023 Theologis.
947 3943 1031 4022 Quia
1052 3949 1144 4005 Sacra
1165 3946 1326 4027 Scriptura

199 4041 385 4103 sufficienter
405 4042 617 4102 astusastus
624 4083 633 4115 ,
655 4053 685 4102 et
706 4062 769 4102 nou
790 4041 964 4121 indigemus
983 4043 1053 4108 aliis
1067 4045 1327 4105 translationibus.

199 4142 240 4202 Et
260 4138 362 4220 potius
383 4157 447 4198 non
469 4140 614 4202 debemus
625 4141 741 4204 discere
749 4142 830 4203 'tales
850 4143 971 4215 literas,
990 4155 1130 4222 'propter
1148 4143 1327 4224 despectum

147 4265 150 4268 ·
198 4237 386 4300 ludaeorum
408 4246 440 4298 et
458 4238 663 4306 Graecorum:
684 4243 768 4321 Quia
785 4241 909 4322 ludaei,
934 4241 1093 4319 videntes,
1129 4243 1214 4325 quod
1234 4243 1329 4306 disci·
