2896 4716
408 299 679 364 OBSCUR.
720 297 946 364 vinou.
1175 303 1237 368 263

107 456 188 526 vidit
208 455 324 540 scripta
343 475 468 530 eorum,
488 477 581 536 ¹quae
600 455 728 518 mittunt
746 455 805 519 eibi
831 457 872 520 sd
893 456 1036 520 invicem.
1095 460 1136 520 Et
1155 459 1236 522 dixit

106 560 211 638 primo
227 558 272 622 ,de
295 558 430 617 Doctore
444 558 601 634 Mamer,
637 557 692 638 qui
713 568 758 617 est
780 558 867 636 qumi
889 566 980 638 eaput
1005 556 1089 616 illius
1107 558 1235 619 societa-

106 657 161 730 tis,
182 655 270 736 quod
289 654 347 714 scit
363 653 527 735 perfecte,
557 655 640 736 quod
660 655 726 734 ipse
745 657 919 737 composuit
938 676 1036 716 uuum
1056 656 1172 718 librum
1195 659 1234 718 de

105 753 263 814 scandalis
282 752 550 827 Praedicatorum,
572 737 602 813 et
614 773 712 813 unum
724 754 819 816 alium
834 755 867 814 iu
882 741 1095 816 defensionem
1107 754 1233 816 Reueh-

105 855 161 912 lin.
227 854 336 912 Postea
357 851 530 915 nominavit
549 854 766 912 Hermonem
779 850 971 936 Eusebium,
1000 855 1121 928 dicens,
1150 853 1233 934 quod
1291 861 1306 932 j
1349 841 1354 856 ¹

106 952 188 1041 vidit
209 951 367 1031 epistolem
389 950 464 1031 ejus,
485 950 519 1008 in
540 972 600 1031 que
613 953 766 1031 promittit
785 952 875 1012 sociis
896 953 969 1026 suis,
989 953 1070 1030 quod
1086 972 1148 1030 vou
1164 954 1233 1012 vult

105 1071 169 1110 esre
191 1049 356 1124 minimus,
379 1060 409 1112 et
428 1051 573 1110 audacter
590 1049 660 1110 vult
678 1061 759 1110 stare
773 1070 832 1130 pro
847 1051 1011 1112 Reuchlin.
1052 1053 1130 1112 Item
1143 1050 1233 1112 deiu-

105 1150 142 1208 de
164 1149 269 1223 dixit,
310 1149 393 1228 quod
413 1147 508 1210 etism
526 1158 572 1208 est
595 1148 630 1208 iu
649 1147 706 1208 ills
726 1148 937 1229 conjuratione
957 1153 1058 1212 Censes
1078 1151 1116 1216 de
1136 1151 1232 1211 Nova
1336 1213 1342 1222 ,

103 1249 247 1327 Aquila,
276 1246 468 1306 coloniensis
490 1245 662 1307 Ctuonicus
686 1257 716 1307 et
742 1248 825 1326 quod
849 1248 918 1308 telis
944 1249 1114 1330 composuit
1136 1248 1232 1310 mire-

103 1343 180 1408 bilia
200 1348 239 1406 de
260 1345 442 1424 Theolegis,
463 1365 541 1424 quoe
562 1346 631 1407 vult
651 1347 753 1407 stetim
776 1343 977 1427 imprimere,
1025 1349 1066 1409 Et
1085 1348 1152 1428 ipse
1172 1347 1231 1408 hs-

102 1449 154 1508 b'et
170 1446 283 1504 multos
303 1445 379 1504 alios
398 1443 511 1504 amicos
530 1453 561 1503 et
579 1444 698 1506 nobiles
705 1488 715 1520 ,
758 1465 837 1526 quos
860 1446 928 1528 ipse
953 1446 1077 1526 instiget
1108 1446 1230 1527 scriptis

102 1546 185 1608 ruis,
214 1544 298 1623 quod
316 1543 427 1603 debent
447 1543 554 1604 fovere
573 1542 685 1604 Joauui
704 1544 869 1606 Reuchlin.
943 1544 1020 1606 item
1048 1542 1249 1622 Bilibeldus,¹

102 1643 209 1704 nescio
223 1643 302 1722 quie,¹
322 1643 411 1710 debet
431 1662 495 1714 esse
517 1643 553 1712 iu
574 1643 780 1722 Nurmbergu3
802 1644 869 1724 ipse
889 1643 965 1704 feeit
983 1644 1095 1705 multae
1118 1641 1227 1717 minse,

101 1744 223 1817 diceus,
268 1741 350 1822 quod
376 1741 501 1802 realiter
526 1742 597 1802 vult
626 1743 773 1822 expedire
800 1733 975 1824 Theologor
1009 1743 1130 1822 seriptis
1155 1740 1227 1800 suis.

100 1847 194 1906 'l'uuo
213 1858 271 1927 ego
301 1841 385 1902 dixi:
428 1841 484 1922 qui
504 1839 638 1901 moritur
659 1842 769 1916 minis,
803 1841 858 1901 ilie
878 1833 1118 1922 compulssbitur
1138 1841 1228 1900 bom-

99 1943 166 2016 bis,
195 1941 373 2001 teutonicei
413 1942 492 2002 Wer
522 1960 592 1999 vom
614 1952 730 2006 tremere
751 1940 861 2011 stirbt,
894 1939 961 2000 dem
987 1942 1049 2000 soll
1071 1960 1144 1998 nean
1169 1941 1228 1997 mit

102 2045 242 2102 Furem
255 2061 325 2101 eum
341 2039 424 2098 Grab
441 2041 551 2099 leuten.
600 2041 781 2100 Nominavit
803 2038 889 2100 mihi..
908 2050 1013 2121 postes
1025 2036 1129 2100 'unum
1146 2040 1227 2105 Poe-¹

100 2142 219 2201 tamin
241 2138 410 2213 Ersordia,
433 2139 488 2219 qui
507 2149 635 2200 voretur
656 2139 802 2200 Eobanus
824 2142 960 2213 Hessos,
987 2147 1017 2198 ot
1043 2139 1134 2202 debet
1161 2156 1226 2196 esse
1341 2131 1347 2144 ’

98 2239 222 2319 juvenis
244 2247 275 2297 et
287 2237 523 2317 'expertissimus
542 2239 652 2314 Poeta,
671 2249 701 2299 et
721 2239 790 2298 talis
808 2237 902 2298 hebet
921 2257 1019 2308 uuum
1033 2239 1151 2296 socium
1163 2236 1224 2295 ibi-

99 2339 187 2412 dem,
216 2337 332 2398 dietum
353 2340 516 2396 Petreium
529 2337 790 2416 Ἁρινόιιοῖιίιιηις·
811 2336 874 2416 ipsi
893 2346 1079 2428 compouuut
1099 2335 1161 2416 jam
1181 2335 1224 2394 li-

98 2438 187 2510 bros,
209 2457 287 2516 quos
306 2437 417 2501 uolunt
434 2437 536 2496 stetim
556 2439 749 2518 imprimere,
769 2436 831 2498 uisi
851 2435 1133 2518 Theologifeoiunt
1147 2454 1223 2495 con-

97 2534 237 2595 cordiam
264 2555 334 2596 cum
365 2535 532 2616 Reuehlinl
592 2539 671 2598 Cum
700 2537 759 2596 hoe
787 2536 877 2596 debet
897 2556 960 2596 esse
980 2535 1121 2615 Liptsick
1140 2553 1221 2593 unus

95 2635 265 2714 Anglicus,
300 2635 403 2697 nescio
423 2636 577 2714 quomodo
597 2637 710 2710 dietus,
728 2635 783 2696 sed
802 2633 904 2708 eredo,
927 2633 1145 2714 quodestille,
1165 2633 1222 2713 qui
1253 2655 1254 2662 ¹

96 2735 160 2794 fuit
172 2742 243 2792 aute
264 2733 341 2793 duos
358 2753 458 2794 anuos,
476 2735 633 2811 Coloniae,
651 2718 708 2815 'qui
731 2744 775 2794 est
796 2733 888 2792 etiam
909 2752 1001 2806 unus,
1017 2731 1221 2796 etVadianue

99 2835 276 2905 Wiennae,
302 2833 420 2910 dequo
445 2833 568 2908 dicunt,
590 2835 672 2914 quod
694 2844 738 2893 est
757 2831 905 2892 terribilis
925 2831 1027 2891 Poeta.
1087 2833 1165 2893 Item
1185 2831 1221 2892 iu

95 2931 184 2992 ouria
202 2930 374 2991 cardinalis
390 2941 435 2990 est
454 2932 578 3012 quidam
599 2937 756 3010 Caeparius
781 2933 929 3004 Ursinus,
967 2931 1022 3010 qui
1040 2932 1097 2991 scit
1116 2931 1220 2992 faeere

96 3034 217 3091 Graeca
237 3030 387 3101 earmina,
410 3040 440 3089 et
460 3033 604 3110 promisit
625 3031 780 3091 Reuchliu
801 3031 958 3092 auxilium
974 3052 1084 3106 suum,
1106 3041 1137 3091 et
1150 3029 1221 3092 vult

95 3149 160 3190 esse
180 3130 264 3187 inter
283 3131 388 3188 socios.
448 3131 524 3190 Item
544 3133 611 3210 ipse
629 3132 727 3204 dixit,
760 3126 996 3209 quud'eudivit,
1032 3130 1115 3212 quod
1134 3130 1219 3190 Phi-

95 3232 206 3306 lippue
224 3227 424 3294 Melunehton
441 3239 472 3288 et
495 3229 623 3290 Iacobus
646 3231 917 3310 meleelingue,
953 3240 984 3290 et
995 3232 1115 3288 Beatam
1129 3228 1216 3288 Rhe-
1247 3269 1250 3281 ·

94 3347 218 3400 nauus,
259 3337 290 3384 et
310 3328 476 3386 Nieolaue-
489 3330 648 3388 Gerbelius
661 3341 733 3389 sunt
754 3331 847 3390 etiam
865 3330 957 3402 tales,
996 3335 1026 3386 et
1048 3326 1128 3386 dixit
1140 3326 1215 3405 ipse,

94 3425 179 3506 quod
198 3424 345 3485 scriberet
363 3426 467 3485 literae
487 3429 526 3488 ad
554 3419 695 3488 Ulrieum
708 3432 899 3502 Humerum,
920 3425 974 3505 qui
994 3424 1094 3485 studet
1112 3426 1218 3484 Bono-

92 3525 182 3596 niae,
203 3523 287 3602 quod
306 3524 397 3584 etiem
416 3525 505 3586 debet
525 3547 589 3586 esse
611 3548 691 3588 unus
711 3548 751 3587 ex
772 3528 842 3600 eis..
876 3527 926 3586 De
944 3523 1011 3582 eliis
1029 3533 1131 3592 autem
1150 3522 1217 3600 ipse

92 3643 159 3682 ιιοιι
180 3621 309 3681 audivit.
349 3625 439 3682 Tune
459 3625 597 3703 quaesivi
617 3627 655 3686 eb
676 3627 761 3699 aliie,
782 3625 932 3686 unctium
949 3625 1105 3683 Erasmus
1121 3622 1216 3680 Rota-

94 3721 240 3780 rodamus
260 3731 337 3781 esset
357 3742 425 3782 cun
448 3713 514 3782 eis?
574 3724 746 3804 Respondit
772 3723 853 3784 mihi
883 3722 1007 3803 quidam
1034 3719 1216 3780 Kauffmen-
1273 3793 1279 3800 .

93 3841 172 3893 uus,
194 3820 315 3881 dicens:
342 3823 489 3882 Erasmus
508 3832 553 3884 eet
572 3822 666 3882 homo
686 3843 743 3903 pro
764 3835 796 3882 se
802 3835 819 3896 ‚¹
840 3821 893 3882 sed
914 3830 1030 3880 certum
1053 3817 1117 3891 est,
1132 3817 1216 3896 quod
1279 3845 1282 3858 v

93 3939 255 3996 nunquam
277 3919 336 3980 orit
356 3920 470 3982 amicus
489 3921 617 3983 illorum
632 3921 862 4002 Theologomm
876 3929 907 3979 et
920 3920 1070 3992 Fratrum,
1091 3925 1122 3975 et
1133 3916 1217 3996 quod

93 4018 162 4098 ipse
180 4018 346 4092 manifeste
367 4021 404 4080 iu
426 4022 516 4088 dictis
535 4033 566 4083 et
585 4021 705 4103 scriptis
725 4021 788 4082 suis
810 4018 953 4082 defendit
975 4031 1006 4080 et
1023 4027 1147 4078 excusat
1162 4017 1215 4075 Jo-
1300 4019 1305 4038 ¹

94 4137 209 4181 sunem
229 4119 401 4187 Reucliliu,
422 4123 513 4182 etiem
534 4122 670 4184 scribens
688 4121 729 4181 ed
747 4123 875 4202 Papum,
930 4119 970 4180 Et
983 4118 1021 4178 ub
1036 4114 1105 4178 ediis
1125 4113 1217 4174 eudi-

94 4215 128 4276 vi
139 4258 149 4290 ,
170 4217 256 4296 quod
276 4219 403 4278 Paulus
423 4223 534 4282 Rite‘us
555 4231 602 4283 eet
619 4221 711 4282 etism
731 4221 771 4281 de
791 4221 851 4282 hoc
869 4236 1009 4308 numero.
1049 4215 1090 4276 Et
1109 4212 1217 4302 dieunt
