2896 4716
299 279 304 294 ⁸
410 333 684 400 nasoon
726 336 953 400 vsaon.
1185 341 1249 408 οπο

14 539 15 542 =
113 515 183 561 tunc
206 497 333 560 faciunt
355 495 385 556 ei
404 491 552 574 majorem
571 493 780 556 reverentiam
801 503 832 554 et
850 494 1025 574 loquuntur
1047 465 1250 564 amicabiliter

114 621 180 660 cum
203 619 250 658 eo.
293 599 379 678 Ergo
391 614 477 655 nunc
498 613 620 675 semper
639 595 800 656 meliorem
819 614 904 676 spem
925 594 1083 658 habemus.
1125 599 1159 658 Si
1176 621 1250 680 per·

114 701 151 758 do
170 697 254 758 illud
266 695 471 767 beneficium,
493 703 568 754 tune
587 693 690 756 adhuc
703 696 778 757 volo
799 694 986 756 contendere
1007 716 1066 776 pro
1087 697 1144 757 illa
1163 699 1250 759 vice-

113 799 158 860 ria
178 797 214 856 in
234 796 368 872 Nassia,
397 794 590 864 sieutscitis.
652 793 737 871 Quia
756 794 942 854 Procurator
959 815 1047 855 meus
1066 796 1254 859 informavit

114 918 178 971 me,
202 895 289 976 quod
312 895 411 955 habeo
431 895 549 954 bonnm
569 893 627 973 jus'.
692 894 753 953 Sed
766 893 836 973 jam
858 892 1020 970 recordor,
1044 896 1127 974 quod
1149 917 1251 978 nuper

113 997 199 1059 venit
219 1015 304 1054 unus
324 994 404 1063 huc,
425 992 482 1072 qui
500 991 601 1067 dixit,
637 994 721 1072 quod
742 993 934 1055 Universitas
953 993 1163 1056 Erfordiensis
1181 997 1251 1059 vult

112 1114 262 1156 revocare
277 1092 471 1178 ¹sententium
494 1111 600 1164 suam,
646 1111 701 1152 seu
723 1091 1010 1153 determinationem
1032 1103 1139 1155 eontra
1157 1096 1253 1157 Ioan-

112 1215 184 1254 nem
204 1191 374 1254 Reuchlin.
439 1190 479 1250 Et
499 1190 527 1249 si
547 1189 641 1264 fecit,
675 1199 751 1250 tuuc
772 1192 845 1251 volo
870 1190 989 1266 dicere,
1032 1194 1116 1273 quod
1144 1216 1251 1257 omnes

112 1289 285 1372 Theologi,
305 1291 358 1369 qui
379 1298 453 1352 sunt
473 1287 534 1363 ibi,
556 1301 629 1350 sunt
649 1287 761 1368 perfidi
782 1302 813 1350 et
833 1291 1008 1369 mendacem
1029 1303 1061 1354 ot
1079 1295 1152 1354 volo
1167 1315 1251 1356 sem-

110 1413 167 1474 per
188 1392 229 1451 de
251 1393 295 1450 eis
316 1391 420 1450 dicere
440 1389 502 1449 hoc
526 1388 722 1461 scandalum,
762 1390 847 1470 quod
869 1408 932 1451 non
953 1403 1081 1453 manent
1099 1413 1170 1454 cum
1190 1398 1252 1456 Fa.

111 1493 228 1552 cultate
249 1509 319 1564 sna,
357 1499 389 1550 et
408 1487 583 1548 defendunt
603 1485 825 1548 zelosissimum
845 1489 969 1564 virum,
1004 1493 1178 1556 Dominum
1197 1499 1251 1557 Ja-

111 1592 226 1652 cobum
253 1589 291 1648 de
311 1589 517 1669 Hogstraten,
557 1585 611 1666 qui
634 1599 679 1646 est
697 1587 756 1647 lux
775 1588 1021 1670 Theologorum‚
1052 1603 1083 1653 et
1102 1595 1187 1655 lucet
1206 1597 1251 1656 si·
1314 1615 1318 1630 ·

112 1680 175 1750 out'
188 1689 296 1762 stella,
325 1707 381 1767 per
400 1707 471 1746 suas
492 1685 647 1762 doctrinas
668 1698 698 1746 et
718 1689 997 1768 argumentationes
1015 1710 1075 1773 pro
1095 1695 1173 1757 Fide
1187 1695 1250 1756 Ca-

114 1788 244 1864 tholica.
284 1787 324 1847 Et
343 1787 453 1861 credo,
475 1785 605 1867 quodsi
626 1786 784 1848 Haeretici
806 1783 858 1850 vel
878 1786 976 1851 Turci
997 1793 1154 1868 venirent,
1182 1797 1250 1877 ipse

114 1889 289 1969 disputaret
308 1895 411 1947 contra
433 1906 502 1959 eos,
537 1895 570 1945 et
595 1886 803 1948 confunderet
829 1908 881 1948 eos
902 1909 973 1949 eum
996 1892 1163 1954 subtilitate
1183 1915 1249 1971 sua,

115 1999 147 2049 et
167 1996 360 2048 converteret
382 2006 435 2045 eos
461 1985 501 2045 ad
521 1985 627 2044 Fidem
658 1985 872 2048 Christianam.
936 1990 1021 2066 Quia
1033 1991 1089 2052 ille
1109 1993 1250 2055 Theolo-

113 2109 169 2169 gos
187 2103 252 2146 non
273 2085 366 2146 hebet
388 2085 566 2164 aequalem,
604 2094 635 2144 et
659 2105 761 2166 nuper
789 2087 956 2167 disputavit
975 2087 1028 2149 hic
1045 2091 1080 2150 in
1099 2094 1250 2173 sapientia
1306 2161 1309 2168 ,

113 2187 202 2249 valde
223 2185 447 2247 doctrinaliter.
473 2249 478 2263 ¹
509 2187 600 2246 Tune
623 2185 703 2244 dixit
724 2185 848 2265 quidam
870 2187 983 2246 Italus:
1009 2190 1073 2266 Ego
1094 2211 1157 2251 non
1180 2212 1250 2252 cre-

114 2286 180 2345 didi
200 2285 312 2366 prius„
325 2285 410 2366 quod
429 2285 573 2347 Almania
595 2285 688 2345 habet
708 2285 782 2343 tales
803 2285 986 2365 Theologoa.
1042 2289 1103 2346 Sed
1122 2289 1249 2368 quidam

113 2386 194 2445 alius
215 2385 307 2458 dixit,
328 2375 411 2463 quod
430 2400 493 2445 non
517 2395 562 2444 est
582 2385 662 2444 bene
684 2382 896 2463 profundatus.
908 2385 942 2443 in
964 2385 1097 2446 textibus
1118 2388 1249 2464 Bibliae,

113 2495 143 2546 et
165 2504 234 2544 non
255 2485 334 2543 bene
355 2483 410 2544 seit
429 2484 604 2562 intelligere
624 2482 845 2542 Hieronimum
861 2492 891 2542 et
908 2483 1124 2561 Augustinum.
1185 2487 1250 2546 Re-

111 2582 248 2672 spondi:
291 2580 413 2643 Obone
430 2585 534 2656 Deus,
555 2582 631 2662 quid
652 2580 774 2640 dicitis?
814 2580 869 2639 ille
890 2583 1009 2643 Ductor
1026 2589 1250 2667 praesupponit

111 2683 207 2757 talia,
231 2690 262 2741 et
282 2681 343 2762 jam
365 2682 431 2762 ipso
450 2682 543 2743 habet
563 2701 672 2742 curare
693 2679 773 2754 alia,
795 2691 827 2738 et
846 2680 925 2742 bene
945 2683 1076 2762 majores
1095 2685 1251 2746 subtilita-

110 2793 166 2843 tes.
196 2783 297 2842 ¹Deus
317 2781 376 2854 det,
396 2783 478 2862 quod
499 2792 582 2861 recte
603 2792 668 2855 eat,
704 2789 780 2840 tunc
803 2781 948 2842 volumus
974 2783 1183 2863 triumphare:
1218 2794 1250 2846 et

111 2891 218 2961 postea
238 2901 279 2940 ox
300 2891 366 2942 tota
386 2881 538 2944 Almania
558 2883 692 2961 pellere,
723 2879 806 2961 quod
826 2879 877 2940 isti
896 2883 1028 2942 Juristae
1048 2904 1113 2944 non
1134 2885 1250 2946 sudent

112 2980 220 3040 dicere
238 3001 338 3040 unum
361 2973 507 3055 verbum,
547 2981 669 3061 quando
687 2992 761 3040 sunt
779 3000 850 3040 eum
867 2981 1042 3062 Theologis.
1103 2987 1187 3062 Quia
1208 2972 1251 3046 ii-

112 3081 256 3153 mebunt,
278 3101 318 3139 ne
339 3081 463 3141 mittant
483 3101 577 3160 super
598 3099 650 3140 eos
671 3079 907 3158 Inquisitorem,
938 3091 969 3142 et
989 3084 1173 3145 comburant
1198 3105 1250 3144 eos

112 3199 170 3259 pro
192 3177 364 3239 haereticis.
428 3180 515 3240 Sicut
536 3199 619 3239 nuno
638 3199 748 3259 spero,
774 3181 858 3258 quod
877 3179 931 3241 fiet
950 3173 1069 3242 Ioanni¹
1081 3182 1249 3256 Reuchlin,

112 3277 280 3355 adjuvaute
299 3279 387 3353 Deo,
424 3279 510 3359 cujus
530 3298 595 3338 non
615 3299 720 3338 snmus
742 3277 869 3358 judices.
930 3281 1015 3357 Quia
1034 3281 1114 3341 sicut
1134 3281 1250 3340 milites

111 3377 265 3437 secularee
286 3376 460 3440 defenduut
478 3377 627 3458 justitiam
648 3377 808 3450 interris,
838 3378 881 3437 ita
899 3399 955 3438 nos
977 3378 1174 3440 defendimus
1188 3379 1250 3436 Ec·

112 3475 237 3534 clesiam
258 3495 317 3554 per
336 3476 568 3557 disputationes.
639 3477 702 3536 Sed
731 3475 862 3556 parcatis
882 3477 962 3536 mihi
984 3476 1023 3536 de
1045 3477 1248 3558 longiloquio.

111 3575 152 3635 Et
171 3575 283 3635 velete.
331 3575 450 3637 Datum
471 3577 629 3637 Romanae
649 3574 772 3636 Curiae.

112 3741 232 3800 Petrus
246 3739 351 3818 Lapp,
372 3741 489 3802 Sacrae
503 3743 688 3822 Pogigs'nae
699 3741 917 3810 Licentiatus,
937 3715 985 3799 M
1005 3739 1139 3799 ormino
1162 3740 1247 3800 Gra·
1294 3823 1302 3830 ἱ

576 3845 622 3900 tio
648 3841 789 3900 salntem.

197 3958 384 4036 Secundum
404 3975 488 4057 quod
518 3976 615 4037 semel
646 3970 808 4058 scripsistis
836 3972 933 4049 mihi,
979 3974 1031 4038 vir
1050 3971 1248 4050 venerabilis,

109 4075 195 4154 quod
216 4075 337 4136 hebetis
357 4076 449 4137 valde
467 4095 614 4156 magnum
634 4076 817 4139 miraculum
841 4075 969 4143 abinde,
989 4074 1072 4157 quod
1091 4093 1149 4155 pro
1162 4091 1248 4134 nuno

108 4185 184 4237 sunt
211 4174 257 4236 ita
286 4176 381 4237 multi
406 4177 592 4238 excellentes
618 4177 769 4236 Doctores
787 4177 822 4237 in
843 4175 987 4249 Colonia,
1028 4184 1060 4234 et
1080 4173 1172 4233 etiam
1192 4173 1249 4232 alii

108 4292 175 4334 non
195 4274 301 4336 adhue
320 4276 476 4355 promoti,
510 4277 565 4339 sed
584 4277 769 4357 propediem
789 4270 932 4358 Magistri
954 4274 1071 4348 nostri,
1105 4271 1249 4335 etmulti
