2896 4716
213 323 276 388 272
577 277 979 386 erisrobs'n

215 471 277 540 mei
298 498 361 540 non
381 477 494 539 dehent
504 454 629 540 'discere
642 479 790 540 Latinum
805 499 941 555 norum,
957 455 1041 562 -quia
1056 490 1160 562 postes
1182 492 1277 544 erunt
1288 475 1342 562 sn-

118 709 141 758 ,χ
215 679 299 738 inter
321 695 382 750 eos,
403 686 439 738 ut
458 676 581 757 pinguis
601 675 705 736 asinus
727 679 806 736 'nter
824 677 937 738 simias.
995 678 1061 736 ¹Sed
1087 699 1197 738 revera
1216 680 1274 739 illa
1294 680 1343 738 di-

58 764 63 776 ’
152 804 156 811 ’
215 774 340 836 stinctio
363 793 426 834 non
449 786 494 834 est
514 775 687 835 multumf
721 774 824 849 malis,
851 776 1007 856 quianon
1027 785 1072 836 est
1093 775 1290 853 bimembris,
1312 788 1344 836 et

140 931 147 948 ,
214 874 259 934 sie
277 892 341 932 non
362 882 462 950 polest
480 871 673 932 concludere.
712 875 778 953 Ego
799 874 993 934 minorabis
1006 873 1090 932 hunc
1101 875 1228 950 librum,
1249 896 1342 956 quem

215 971 332 1032 debetis
354 971 456 1032 facero
476 971 676 1051 impressere,
718 972 791 1052 quia
809 973 907 1032 multa
934 973 1016 1032 bona
1040 981 1112 1032 sunt
1131 973 1214 1034 intra
1235 985 1343 1034 contra

214 578 323 662 perbi,
346 579 428 658 qnod
447 578 549 638 sciunt
568 577 638 657 plns
660 597 753 1000 qJns
774 599 845 659 ego,
872 589 947 640 tunc
969 599 1026 659 ego
1046 579 1177 659 pulchre
1197 581 1339 642 venirem

210 1073 308 1132 ,istum
330 1069 620 1150 Winsphelingnm,
662 1069 717 1149 qui
736 1071 858 1150 scripsit
886 1081 993 1130 contra
1013 1071 1191 1134 Monachos.
1259 1072 1344 1158 Quia
1439 1103 1440 1128 l

123 1171 128 1176 ’
214 1170 317 1232 statim
333 1177 405 1227 erat
423 1167 457 1226 in
479 1180 577 1242 meta,
618 1171 741 1247 quando
761 1170 854 1250 legit,
895 1169 1066 1228 Dominum
1087 1180 1227 1230 nostrum
1248 1170 1344 1230 Chri-

214 1281 297 1330 stum
318 1266 414 1326 fuisso
431 1265 640 1338 Monachum,
660 1267 808 1328 videlicet
829 1267 994 1341 Abbntem,
1017 1278 1047 1327 et
1067 1269 1098 1327 S.
1111 1269 1238 1328 Petrum
1250 1268 1343 1328 Prio-

214 1389 304 1438 rem,
326 1375 357 1424 et
376 1363 484 1424 Iudam
506 1363 679 1424 Ischariotis
698 1365 884 1438 Cellarium,
901 1353 937 1424 'et
956 1365 1135 1447 Philippum
1153 1367 1343 1435 Portarinm,

215 1476 246 1524 ct
265 1465 310 1524 sie
331 1462 370 1521 de
391 1462 475 1535 aliis,
495 1462 664 1522 secundnm
685 1464 741 1524 suh
765 1475 796 1524 et
815 1485 927 1558 supra,
966 1483 1044 1541 quae
1066 1465 1170 1525 omnia
1188 1465 1247 1524 iste
1266 1466 1344 1524 illu·-

215 1564 364 1635 minatus,
407 1569 438 1618 ct
457 1559 550 1622 valde
576 1557 760 1622 scientificus
780 1561 967 1634 Monachus,
1008 1564 1121 1622 Paulus
1142 1563 1278 1644 Largius
1296 1565 1342 1623 sic
1439 1557 1440 1566 ¹

215 1657 430 1742 magistraliter
449 1653 573 1738 probat,
594 1669 630 1720 ut
649 1660 904 1741 Wimphelingus
924 1662 1021 1731 etsui
1036 1661 1180 1742 discipuli
1201 1683 1265 1722 non
1284 1664 1341 1722 de-

214 1764 289 1822 bent
311 1777 408 1839 unum
428 1757 559 1816 verbum
585 1768 692 1817 eontra
719 1760 879 1840 rebellare.
942 1760 1004 1818 Sed
1025 1761 1140 1820 resistit
1160 1760 1240 1820 mihi
1261 1782 1343 1821 unus

215 1856 521 1938 Wimphelingisnus
541 1857 575 1915 in
597 1855 724 1930 faciem,
745 1867 776 1918 et
796 1856 892 1929 dixit,
914 1860 997 1936 quod
1017 1857 1165 1918 Monachi
1187 1861 1340 1920 mentian-

215 1967 287 2031 tur,
304 1955 385 2015 ,siout
409 1954 634 2016 sceleratissimi
651 1975 825 2036 caupones,
851 1955 923 2034 quia
941 1957 1051 2016 volunt
1069 1956 1226 2018 Christum
1245 1961 1342 2018 fuisse

215 2056 259 2116 iu
284 2063 495 2135 portentosum
525 2053 641 2113 animal
669 2065 700 2114 et
729 2055 913 2113 cucullatam
937 2055 1081 2128 bestiam,
1122 2066 1153 2114 et
1178 2077 1342 2136 superma

215 2151 394 2235 protestavit
410 2151 539 2211 nomino
559 2152 683 2213 Christi.
725 2155 816 2212 Tune
837 2153 887 2212 fni
904 2154 949 2212 ita'
960 2156 1151 2232 perterritus,
1172 2155 1255 2233 quod
1267 2175 1342 2235 per-
1439 2147 1440 2170 ¹

214 2251 363 2312 minnist
381 2251 577 2331 permerdavi
598 2255 656 2325 me',
676 2251 759 2331 quod
778 2271 883 2310 omnes
903 2271 1010 2310 nasum
1031 2255 1266 2332 praetenebant3
1286 2254 1341 2312 sed
1439 2299 1440 2344 l

214 2353 269 2425 sit,
292 2350 446 2430 quomodo
466 2350 525 2424 sit,
545 2371 600 2432 ego
621 2351 681 2411 hoc
701 2349 832 2410 firmiter
850 2349 959 2421 credo,
988 2351 1071 2426 quod
1091 2371 1196 2411 omnes
1215 2352 1340 2412 tandem
1439 2351 1440 2426 ζ

117 2471 125 2484 ’
216 2459 408 2510 eruntstare
431 2448 557 2508 confuse
579 2459 774 2510 tamencum
795 2447 1015 2522 curamentis,
1046 2459 1077 2508 et
1096 2451 1212 2524 dicere,
1235 2451 1343 2510 diaho-
1381 2491 1390 2498 -

128 2575 131 2580 ·
214 2549 264 2608 lus
278 2547 415 2627 portavit
436 2548 527 2608 illum
547 2547 738 2608 Monachum
759 2549 798 2608 ad
819 2568 894 2619 nos,
939 2546 1006 2626 quis
1027 2547 1103 2607 lecit
1124 2567 1195 2606 eum
1215 2547 1342 2608 in'om-
1439 2593 1440 2596 η

215 2649 307 2707 nibus
330 2647 488 2722 scibilibus
507 2657 570 2706 tam
592 2647 753 2706 formalem
775 2657 806 2706 et
827 2645 1056 2726 qualificatum?
1098 2647 1262 2724 Quomodo
1284 2669 1343 2727 po-
1439 2653 1440 2656 ’

215 2757 275 2804 test
297 2743 356 2804 hoc
377 2765 459 2816 esse,
495 2745 556 2804 nisi
583 2765 640 2825 per
659 2747 820 2806 scientiam
838 2743 997 2804 infossus?
1021 2743 1104 2822 Quia
1122 2765 1186 2805 nou
1205 2747 1289 2805 stetit
1307 2747 1340 2805 in

216 2844 321 2922 aliqua
343 2841 551 2905 Universitate
561 2886 571 2916 ,
592 2854 622 2902 et
643 2857 688 2903 est
706 2844 806 2903 adhuc
827 2863 904 2902 unus
919 2863 1018 2923 vpurus
1039 2835 1168 2918 beanus,
1188 2854 1342 2905 ettamen
1439 2861 1440 2904 l

215 2943 294 3000 hone
318 2940 398 3000 valet
417 2941 673 3019 magistrandum,
704 2943 755 3002 vel
778 2943 867 3001 etiam
889 2943 975 3021 plus,
1005 2963 1075 3002 oum
1096 2943 1189 3002 venia
1210 2944 1343 3004 eximio-

115 3079 120 3088 *
215 3059 285 3101 rum
294 3039 511 3118 Magistrorum
533 3051 718 3100 nostrornm.
759 3035 828 3120 Ipse
849 3041 940 3099 esiam
960 3041 1247 3115 ThomasMurner',
1269 3045 1342 3102 Mo·
1439 3103 1440 3124 χ

215 3138 333 3198 nachus
356 3145 386 3196 et
405 3137 522 3197 Doctor
542 3140 674 3198 multum
696 3139 825 3212 subtilis,
847 3139 938 3198 etiam
956 3140 1051 3198 semel
1071 3140 1239 3199 solenniter
1251 3161 1342 3221 prae-
1439 3129 1440 3154 ¹

215 3239 332 3298 dicavit
354 3236 387 3295 in
408 3238 553 3310 ambone,
584 3239 665 3317 quod
690 3235 830 3296 Christus
851 3238 1004 3299 Dominus
1022 3249 1127 3298 noster
1145 3239 1209 3298 fuit
1228 3241 1342 3300 Mona-

214 3339 310 3404 chus,
334 3345 365 3395 et
385 3335 475 3396 scivit
496 3336 588 3395 etism
610 3339 735 3397 realiter
756 3335 931 3394 defendere.
988 3337 1050 3396 sed
1072 3357 1152 3413 unus
1172 3337 1342 3417 discipulus

215 3435 456 3518 Wimphelingi
469 3435 574 3520 poluit
600 3436 725 3494 credere
747 3433 781 3493 in
809 3433 984 3510 Christum,
1014 3435 1041 3494 si
1063 3444 1139 3494 esset
1157 3435 1341 3511 Monachus,

215 3546 247 3596 et
267 3536 342 3596 fecit
364 3533 435 3590 illos
455 3551 562 3593 versus
582 3533 727 3614 desuper:
889 3553 892 3560 ’
982 3573 991 3608 ,
1221 3541 1225 3550 “

270 3746 282 3760 Γ
298 3685 373 3745 Non
385 3703 439 3762 ego
445 3681 569 3761 fallaci
585 3693 663 3740 terto
678 3679 747 3748 tibi,
763 3679 897 3752 Christe,
919 3681 1041 3742 cucullo

381 3780 590 3842 Crediderim:
612 3791 693 3840 reste
701 3779 761 3836 buo
767 3779 868 3858 fraus
876 3783 1052 3860 tegiturque
1061 3778 1151 3838 dolus
1160 3801 1174 3856 ,·

296 3883 401 3960 Atque
413 3871 639 3958 probat'norus
658 3881 797 3938 eBernu
818 3881 976 3956 quaesitus
992 3869 1133 3938 habenda

380 3981 584 4054 Franciscus,
614 3977 771 4038 monacbis
785 3975 911 4055 quotide
922 3979 966 4034 sit
979 3979 1050 4055 ipsu
1064 3978 1157 4054 sodes.

300 4125 361 4184 Sed
381 4125 457 4205 quid
478 4127 606 4203 adhoc,
628 4127 711 4208 quod
731 4145 794 4184 non
816 4123 885 4182 vult
905 4126 1046 4201 credere,
1088 4139 1163 4190 tnnc
1189 4126 1250 4186 erit
1268 4127 1345 4186 hae-

183 4310 187 4317 ,
215 4221 345 4286 relicus,
368 4222 446 4318 siout
458 4225 523 4300 alii,
537 4228 590 4307 qui
602 4223 796 4285 condemnati
803 4233 878 4294 sunt
889 4243 959 4282 cum
973 4225 1129 4287 Reuchlin
1142 4225 1340 4286 inParrhisin

724 4547 736 4575 Ο
