2896 4716
229 331 293 400 oso
490 431 492 440 A
594 288 1056 398 ιιιιιιοιιιιΙ

229 491 312 552 totuis
332 489 456 570 campus
469 487 687 568 'muguinnvit,
709 493 744 550 'et
762 483 827 550 tuit
846 488 892 550 ibi
913 488 1061 570 qnnedsm
1082 507 1177 570 sque,
1198 473 1278 572 quie
1292 491 1360 554 fnit

228 589 370 652 *coloratu
385 609 443 670 per
463 588 657 667 sanguinem,
697 597 728 648 et
745 587 808 648 fnit
827 609 885 669 por
904 598 1004 650 totum
1022 589 1176 663 rubicntc,
1206 591 1252 651 itu
1272 593 1360 670 qnod

181 707 184 714 ·
228 683 332 757 fluxit,
351 687 431 747 sicut
450 688 477 746 si
502 695 580 748 essct
599 685 740 766 sanguis:
762 694 794 748 et
813 687 930 748 clamor
947 687 1128 748 audiebatur
1148 688 1183 748 in
1203 691 1301 764 coelo,
1327 701 1360 750 et
1392 759 1396 764 ,

160 859 165 872 ⁸
229 805 309 848 uuus
330 775 459 867 projecit
478 771 577 846 uuum
588 783 748 865 ispidcm,
768 805 861 864 quem
880 785 1043 848 duodecim
1065 785 1128 846 viri
1146 807 1212 848 non
1232 798 1361 868 possent

229 887 367 958 elevare,
398 898 429 944 et
448 905 530 944 unns
551 895 649 963 equus
669 881 787 995 incepit
804 885 908 965 loqui,
944 896 974 944 et
994 883 1230 964 prophetizavit.
1294 887 1360 946 Sed

228 1083 332 1146 nescio
354 1103 394 1142 nn
422 1081 492 1142 telis
523 1080 604 1140 liber
633 1091 678 1139 est
708 1082 840 1142 inultum
867 1081 1046 1143 autenticus.
1087 1083 1193 1162 Rogo,
1215 1071 1357 1148 scribuiis

228 1183 309 1244 mihi
329 1183 369 1242 de
390 1201 451 1257 eo,
470 1188 501 1239 et
520 1179 640 1240 fecistis
660 1197 711 1240 rue
732 1199 927 1261 cognoscere,
949 1180 1032 1260 quod
1050 1181 1169 1244 tensos.
1215 1159 1356 1244 Etnm
1278 1201 1356 1299 funs

229 1281 290 1343 hoc
299 1281 412 1344 ·.velete
451 1281 568 1340 Datum
588 1277 715 1340 Romae.

435 1515 566 1574 Ioannes
588 1509 785 1574 Gerlambius
804 1513 852 1572 M.
873 1512 1005 1572 Ortuinc
1029 1512 1149 1572 Gratio.

312 1677 399 1739 Sicut
418 1676 579 1750 scribitur,
602 1676 718 1737 ιιιιιιιιιι
738 1675 773 1736 ιιι
792 1677 970 1739 necessitato
991 1678 1149 1759 probatur,
1171 1673 1242 1737 volo
1260 1674 1349 1737 etiam

228 1777 350 1850 videre,
371 1795 410 1834 ιιι
433 1775 532 1835 adbuc
554 1773 672 1835 habetis
696 1777 877 1854 memoriam
904 1776 975 1835 mei.
1035 1775 1076 1834 Et
1102 1793 1227 1857 possum
1245 1775 1353 1838 videre
1430 1785 1438 1792 “

227 1876 283 1936 tali
300 1873 412 1935 medio.
452 1872 664 1934 Praesentium
686 1874 766 1933 lator
786 1884 831 1934 est
849 1873 1093 1953 consanguineus
1112 1894 1199 1934 meus
1205 1916 1217 1950 ‚
1245 1885 1276 1934 et
1295 1875 1353 1936 ba-

227 1975 281 2035 bet
301 1975 416 2034 bonum
436 1971 613 2053 ingenium,
634 1983 665 2033 et
686 1973 819 2032 intendit
839 1973 963 2033 studere
984 1973 1018 2032 in
1034 1972 1169 2047 erubui,
1202 1983 1278 2033 tunc
1296 1995 1353 2053 pn-

227 2083 277 2134 ter
296 2093 369 2133 suns
389 2053 494 2132 voluit
512 2089 583 2129 eum
603 2069 665 2130 hnc
684 2071 787 2132 iacere
805 2071 842 2130 ad
865 2071 1119 2131 Universitntem:
1155 2081 1187 2128 et
1213 2091 1271 2149 ego
1292 2072 1353 2132 dis·
1437 2093 1438 2100 ¹

228 2169 310 2231 suasi
318 2205 329 2237 ,
368 2169 441 2246 qnia
460 2167 552 2238 volo,
588 2169 671 2248 quod
693 2166 797 2230 'studet
816 2168 850 2229 in
869 2169 922 2230 via
942 2169 1154 2247 antiquorum,
1188 2168 1271 2228 sicut
1298 2189 1351 2248 ego

229 2267 343 2330 studui.
396 2267 435 2327 Et
454 2286 543 2345 rogo,
566 2267 648 2346 quod
671 2268 796 2328 mittatis
816 2287 887 2328 eum
907 2268 996 2330 vobis
1014 2285 1077 2326 csse
1097 2267 1352 2328 commendatum.

229 2366 381 2446 Qunmvis
409 2385 465 2446 cgo
492 2385 559 2426 sum
581 2366 763 2442 Albertista‚
796 2356 955 2426 non'curo
973 2376 1090 2439 tumen,
1130 2367 1214 2446 quod
1233 2367 1352 2426 faciatis

227 2488 301 2528 enm
321 2466 361 2527 ad
381 2468 505 2548 bursam
526 2464 662 2537 Montis,
681 2467 737 2525 ubi
756 2465 880 2526 student
899 2466 934 2527 in
953 2465 1006 2527 vis
1025 2465 1182 2540 Thomnc,
1204 2467 1276 2546 quia
1297 2465 1353 2524 ille

227 2568 343 2628 Rector
364 2576 409 2625 est
426 2563 626 2644 superiorista
647 2572 678 2623 et
698 2565 790 2627 etiam
809 2584 874 2624 non
902 2572 947 2622 est
972 2583 1082 2646 magur
1109 2563 1283 2624 differentia
1303 2565 1353 2622 in-

227 2675 277 2726 ter
304 2663 478 2724 Τιιοιιιιιιιι
506 2672 536 2721 ct
561 2661 756 2736 Albertistus,
788 2661 865 2736 uiri,
907 2661 990 2740 quod
1023 2663 1208 2724 Albertistse
1235 2673 1352 2734 teuent,

228 2755 312 2844 quod
331 2760 481 2841 adjectiva
500 2760 671 2838 appellunt,
699 2770 730 2820 et
752 2759 835 2840 quod
856 2779 966 2840 corpus
987 2761 1101 2820 mobile
1119 2771 1163 2822 eet
1181 2758 1353 2838 subjectum
1436 2745 1437 2804 i

227 2861 263 2920 in
276 2860 414 2939 Physica.
455 2857 516 2918 Sed
535 2856 713 2918 Thcmietac
733 2868 856 2928 tenent,
888 2859 971 2938 quod
991 2859 1140 2936 adjectiva
1159 2879 1222 2918 non
1242 2861 1354 2940 appel-

228 2959 310 3030 lunt,
333 2969 364 3016 et
383 2952 465 3038 quod
484 2976 538 3016 eus
559 2956 674 3015 mobile
695 2967 739 3014 est
758 2957 928 3037 subjeetum
948 2957 982 3016 ιιι
1002 2956 1139 3035 Physica.
1179 2957 1279 3018 Etiam
1293 2959 1353 3018 Αι-

229 3055 376 3116 bertistse
395 3055 519 3128 dicunt,
557 3054 638 3132 quod
659 3055 756 3131 logica
779 3065 824 3115 est
850 3054 888 3128 de
909 3057 1050 3114 secundis
1071 3055 1295 3116 intentionibus
1316 3057 1351 3114 in

209 3154 338 3214 ordino
361 3154 400 3212 nd
421 3153 545 3232 primus.
609 3141 787 3214 Thomisiae
806 3172 881 3215 vero
903 3154 1026 3227 dicunt,
1056 3155 1138 3232 quod
1161 3165 1206 3215 est
1226 3155 1264 3215 de
1283 3155 1353 3234 pri·
1435 3229 1436 3236 ἵ

218 3254 286 3314 mis
302 3251 524 3312 intentionibus
543 3249 581 3312 sd
601 3251 756 3312 secundas.
805 3252 884 3311 Item
906 3252 1090 3312 Albertistae
1110 3263 1232 3326 tenent,
1268 3253 1352 3332 quod

110 3379 113 3387 ¹
227 3350 342 3412 mobile
363 3351 496 3430 positum
519 3353 552 3412 in
572 3369 669 3412 vacuo
698 3341 840 3410 mo'vetur
866 3350 1043 3411 successive.
1102 3351 1278 3412 Themistue
1301 3351 1352 3409 di-

153 3489 160 3502 ·
228 3460 317 3522 cunt,
341 3451 433 3528 quod
464 3449 577 3510 mobile
606 3447 738 3528 positum
764 3447 799 3506 iu
826 3467 942 3522 vacuo,
986 3458 1141 3520 movetur,
1155 3450 1189 3510 ιιι
1216 3448 1351 3508 instanti.

227 3549 328 3608 Etiam
354 3548 536 3610 Albertistse
564 3547 686 3608 dicunt:
730 3544 812 3625 quod
833 3545 963 3606 Galaria
989 3559 1034 3606 est
1054 3557 1181 3608 naturae
1203 3548 1351 3608 coelestis.

227 3646 406 3708 Τιιοιιιιιιιιι
425 3647 523 3718 dicut,
547 3646 630 3726 quod
647 3645 788 3704 Gsllnxia
809 3655 854 3706 est
872 3656 1000 3705 naturae
1022 3646 1223 3708 elementaris.
1288 3646 1353 3709 Sed

200 3789 202 3792 -
225 3764 290 3805 ιιοιι
313 3745 442 3805 multum
462 3745 601 3806 refert
577 3764 621 3804 stc
641 3754 761 3815 tencre,
799 3742 965 3828 dummodo
991 3745 1032 3804 sit
1050 3723 1167 3826 uliquis
1194 3744 1351 3823 antiquus,

130 3859 134 3867 ’
227 3853 258 3904 et
275 3813 368 3912 volo,
399 3844 481 3922 qnod
501 3844 557 3904 iste
575 3841 697 3922 juvenis
718 3840 884 3901 comedat'
873 3861 908 3901 m
923 3819 1028 3917 buren,
1068 3854 1098 3903 et
1118 3843 1201 3924 quod
1220 3844 1353 3902 teneatis

227 3961 298 4001 eum
319 3963 389 4002 cum
410 3943 530 4023 rigore,
559 3961 600 4002 ue
620 3950 724 4010 currat
745 3939 895 4013 exterius,
919 3941 1040 4020 quando
1062 3943 1120 4002 sibi
1142 3943 1277 4022 placet.
1310 3943 1354 4000 Et
1434 3923 1435 3950 ³

227 4041 348 4126 quando
370 4042 446 4102 fecit
472 4033 605 4121 aliqiiem
635 4058 807 4112 excessum,
850 4037 926 4096 detis
947 4040 977 4097 ei
998 4039 1200 4120 disciplinam.
1265 4041 1354 4118 Quia

225 4137 370 4197 scribitur
389 4141 535 4200 Proverb.
555 4141 604 4200 23.
664 4123 766 4213 „Noli
786 4135 965 4196 subtrahere
984 4159 1003 4196 a
1022 4159 1122 4217 puero
1142 4139 1352 4220 disciplinam,

224 4231 252 4288 si
272 4238 456 4310 percusseris
477 4259 548 4300 suus
568 4237 673 4319 virge,
702 4255 767 4296 non
786 4233 973 4296 morietur.‘·
1014 4237 1066 4298 Tu
1087 4237 1173 4318 virga
1192 4239 1353 4319 percuties
