2866 4724
137 331 148 344 ’
204 343 266 411 320
407 340 684 404 nrisrounu
716 335 1116 397 ousounvruon.

199 516 249 567 *est
268 521 360 583 super
379 496 591 580 ignorantiam.
652 495 713 554 Vel
736 488 849 553 dieitur
869 492 1033 560 abortus,
1078 489 1112 548 id
1141 499 1187 550 est
1211 486 1328 550 articu-

180 609 270 690 ‘lus,
290 603 381 682 quia,
401 600 479 658 sicut
500 615 609 676 corpus
631 603 779 654 movetur·
792 590 1020 673 particulariter
1040 588 1075 647 in
1095 589 1158 648 suis
1179 589 1327 662 articulis,

204 708 247 765 sio
268 703 359 763 atium
380 703 498 760 unimus
525 694 660 755 hominis
690 713 748 773 per
777 703 856 752 artes
877 699 1019 750 movetur
1038 688 1074 748 in
1094 688 1157 748 suis
1177 689 1329 748 sensuali-

145 807 150 818 “
203 803 323 888 tatibus.

287 903 411 961 Zelosus
438 905 482 956 est
509 894 673 974 pulchrum
701 887 905 965 vocabulum,
955 895 986 947 et
1006 887 1140 946 maxime
1160 886 1329 967 Theologi-

206 1003 284 1077 calex:
330 997 449 1078 quando
471 991 622 1070 'I'lreologi
642 991 753 1051 volunt
774 987 892 1061 dicere,
929 971 1011 1066 qnod
1033 985 1142 1066 aliquis
1165 987 1328 1045 est·bonua

117 1111 122 1122 “
206 1099 417 1163 Christianus,
452 1103 482 1152 et
501 1091 593 1152 habet
612 1091 722 1150 bonam
744 1085 975 1160 conscientiam,
1009 1097 1084 1144 tuno
1111 1083 1233 1144 dicunt:
1270 1085 1329 1144 iste

205 1204 299 1262 homo
322 1199 373 1256 ¹est
399 1194 524 1254 zolosrts.
582 1192 623 1250 Et
643 1189 754 1248 dicitur
778 1209 796 1246 a
817 1187 919 1254 aelus,
962 1185 1044 1263 quod
1063 1183 1146 1242 idem
1168 1183 1328 1261 signifieat,

135 1330 138 1339 ·
207 1300 289 1382 quod
311 1299 434 1382 fervor,
456 1293 508 1372 qui
527 1291 621 1370 jacet,
643 1285 824 1366 sicutignis,
845 1287 878 1343 in
901 1284 994 1343 corde
1015 1283 1151 1362 alicujus,
1174 1285 1227 1362 qui
1248 1293 1329 1343 amat

206 1402 307 1461 fidem.
349 1396 396 1454 ‘Et
417 1390 511 1452 zelosi
532 1393 576 1450 ita
596 1396 667 1447 'sunt
687 1379 847 1465 significati
866 1403 923 1463 per
942 1383 1032 1442 illum
1055 1383 1226 1459 fervorem'3
1257 1383 1328 1442 vel..

206 1504 272 1562 lent
291 1498 423 1558 libenter
442 1492 545 1560 facere
566 1484 682 1566 aliquid
703 1485 834 1555 bonum,
857 1482 974 1541 etiamsi
997 1472 1142 1543 deberent
1157 1482 1245 1543 mori.

292 1599 402 1694 Status
421 1591 534 1650 dicitur
555 1583 719 1657 a¹stande,
762 1583 851 1665 quia,
891 1581 1012 1660 quando
1035 1581 1144 1660 aliquis
1165 1591 1211 1640 est
1231 1581 1327 1657 dives,

169 1750 172 1763 .
207 1701 260 1762 vel
278 1696 369 1756 habet
390 1711 483 1751 unam
504 1689 615 1749 bonam
629 1682 841 1765 :praebendam
855 1681 912 1741 ivel
932 1680 1126 1758 dignitatem,
1153 1690 1229 1752 tunc
1250 1682 1329 1742 dici.

208 1820 295 1859 mus:
337 1794 394 1853 iste
408 1792 487 1850 bene
505 1784 668 1862 stat;.aed
687 1781 808 1862 quando
827 1777 910 1839 nihil
931 1777 1037 1853 lubet,
1070 1789 1100 1840 et
1122 1788 1167 1839 est
1186 1781 1275 1842 nulla
1290 1783 1327 1842 in

208 1896 365 1980 dignitate,
385 1901 459 1950 tuno
480 1887 609 1949 dicitur:
629 1883 709 1944 male
727 1890 793 1941 stat.
1031 1881 1034 1886 “
1117 1931 1120 1936 ,

289 1992 375 2054 Finit
394 2009 426 2050 ae
448 2004 523 2068 opus
548 1983 718 2066 egregium,
734 2047 744 2060 ι
758 1997 867 2058 magna
893 1976 1051 2055 diligentia
1075 1998 1094 2037 a
1112 1980 1328 2059 spectabilibus

207 2092 363 2176 Magistris
385 2088 496 2150 nostris
515 2084 721 2163 compilatum,
744 2077 849 2159 etjam
861 2077 982 2144 melius,
996 2097 1087 2156 quam
1102 2089 1181 2153 ante,
1196 2080 1329 2160 impres.

208 2216 277 2258 sum
298 2193 332 2250 in
351 2187 482 2268 Utopia‚
515 2185 549 2245 in
569 2179 764 2266 impressoria
780 2174 890 2238 Claudi
912 2175 1031 2236 Sutorio
1053 2196 1123 2236 oum
1135 2178 1224 2238 atella
1241 2188 1329 2239 teue-

207 2299 307 2358 brosa.
349 2291 441 2352 Auno
461 2304 523 2366 quo
543 2293 643 2364 supra
685 2275 974 2341 Gavisatum-etiam
995 2285 1057 2349 est,
1078 2275 1168 2336 utin
1188 2275 1268 2358 aliis,
1286 2298 1328 2338 ne

210 2396 279 2478 quis
298 2390 408 2454 audeat
426 2395 495 2469 post
512 2403 569 2445 nos
587 2382 769 2464 impresaare
787 2395 846 2458 per
866 2373 1048 2434 decennium
1060 2370 1100 2455 Ἴ.

209 2550 418 2570 Μ

278 2607 301 2710 l)
319 2639 368 2692 leh
383 2636 489 2705 glaubte
503 2633 577 2684 disse
592 2613 707 2696 beideu',
724 2633 780 2678 erat
799 2623 890 2694 spiiter
908 2621 960 2674 den
971 2621 1064 2692 Epist.
1081 2621 1155 2676 obse.
1170 2623 1254 2678 viror.
1271 2625 1329 2678 ein-

212 2725 406 2796 geschalteteu,
420 2719 532 2772 Zusiitze
545 2715 688 2768 na'chdem
701 2711 802 2764 dritten
809 2707 915 2775 Thule,
928 2705 1023 2762 als'am
1037 2689 1330 2780 geeiguetsteuPlatze,

212 2809 470 2864 abdruoken'lassen
484 2820 518 2857 aa
533 2802 649 2856 musaea.
