2866 4724
111 270 114 280 ’
205 275 296 342 312’
567 281 965 344 EPISTOLAE

208 455 241 496 sa
260 433 427 504 vocabula,
464 435 536 518 quie
555 435 662 500 Cicero
682 460 746 500 non
768 437 886 499 amabat
915 458 959 498 eu.
1021 441 1112 518 Mag.
1139 437 1218 498 Ort*
1268 441 1329 518 Ipsi

206 537 318 598 volunt
336 555 400 594 esse
419 536 525 596 auditi.
567 541 658 620 Mag.
676 539 809 616 Lupold.
852 539 915 618 Ipsi
935 545 1008 598 sunt
1025 539 1086 598 soli
1107 539 1146 596 de
1166 559 1222 598 sua
1236 551 1328 617 parte.

206 638 297 714 Mag.
314 637 409 714 (binga
469 637 609 712 tarinae,
638 639 789 718 Legistne‚
809 636 1017 717 Apotlsecarii‚
1037 637 1196 709 Advocati,
1221 637 1330 697 Domi-

206 734 242 794 ni
263 734 301 794 de
323 735 535 810 paramento,
574 757 679 798 omnes
698 737 811 797 Clerici
829 734 1042 814 villngioruni,
1072 721 1221 814 loquutur
1253 735 1329 794 sicut

205 852 272 895 nos.
314 834 375 893 Sed
397 834 448 919 isti
467 833 582 895 habent
602 854 692 896 suum
711 836 843 896 latinum
863 853 919 915 per
939 853 980 893 se.
1020 837 1111 912 Mag.
1138 834 1205 892 Ort.
1247 835 1330 892 Deus

208 943 253 994 est
272 935 374 1009 testis,
396 933 486 1016 quod,
501 952 556 1014 ego
577 937 669 995 credo
680 977 689 1009 ‚
719 933 878 1014 siciliquis
898 933 1066 1010 interroget
1088 951 1152 1005 eos,
1176 931 1329 1010 quomodo

208 1031 380 1092 declinetur
395 1033 559 1092 Musei-
579 1034 662 1114 quod
681 1034 741 1115 ipsi
760 1053 825 1093 non
844 1043 968 1112 possent
987 1031 1098 1090 dicere.
1140 1033 1233 1108 Mag.
1250 1032 1331 1106 Lep.

206 1132 247 1192 Et
266 1141 368 1192 tamen
389 1131 449 1211 ipsi
460 1131 580 1202 ¹fuciunt
603 1133 641 1194 de
661 1133 778 1214 mugnis
798 1130 928 1192 clericis.
946 1134 1037 1209 Mag.
1053 1130 1146 1207 Ging.
1166 1128 1213 1188 Ita
1232 1127 1282 1201 da,
1304 1138 1333 1188 et

207 1223 497 1310 volunt—corrigere
518 1231 704 1314 Magnificat.
743 1233 833 1309 Mag.
855 1229 922 1288 Ort.
942 1267 950 1284 ι
970 1229 1062 1290 Nune
1082 1229 1138 1288 iste
1158 1227 1333 1286 latinizator

206 1329 351 1392 Erasmus
372 1329 466 1404 dicit,
487 1331 569 1410 quod
590 1341 694 1392 nostre
715 1327 815 1390 Biblia
834 1327 916 1388 nihil
936 1328 1027 1389 valet.
1069 1331 1158 1405 Mag.
1172 1329 1257 1404 Lup.
1293 1327 1333 1388 Et

206 1428 362 1489 Reuehlin
384 1427 474 1488 etiam
495 1429 647 1490 similiter.
708 1432 798 1506 Mag.
817 1428 910 1506 Ging.
965 1428 1006 1486 Et
1026 1427 1125 1488 Faber
1147 1427 1257 1500 etiem,
1279 1427 1333 1504 qui

206 1526 275 1588 vult
296 1526 410 1601 dicere,
431 1528 513 1607 quod
534 1539 604 1590 sunt
623 1542 685 1590 tres
703 1528 822 1588 Mariae
843 1525 1052 1604 Mrgdslenae.
1093 1530 1184 1606 Mag.
1200 1521 1269 1586 Ort}
1294 1527 1333 1588 Et

130 1664 132 1672 ι
206 1625 290 1710 quod
312 1635 433 1706 oportet
452 1627 554 1688 dicere
574 1629 609 1688 in
631 1628 736 1688 missa:
779 1635 809 1686 ct
829 1625 863 1684 in
890 1638 973 1687 terra
993 1645 1056 1705 pax
1077 1625 1255 1686 hominibus
1276 1627 1333 1686 bo-

206 1745 247 1786 na
268 1725 421 1787 voluntas.
485 1731 576 1806 Mag.
603 1729 686 1806 Lep.
750 1727 861 1785 Sancto
880 1723 999 1798 Maria,
1027 1744 1082 1804 ego
1104 1724 1206 1784 nescio
1227 1725 1333 1806 magis,

206 1844 298 1904 quam
315 1824 445 1888 Bibliam
466 1825 655 1888 habebimus.
673 1815 675 1818 ’
695 1829 786 1904 Mag.
812 1824 907 1902 (sing.
946 1822 1047 1882 Etiam
1077 1824 1160 1904 Papa
1188 1825 1268 1884 bene
1291 1835 1333 1884 est

150 1929 153 1938 '
206 1924 333 1995 fatuus,
362 1923 445 2004 quod
464 1945 528 1984 non
552 1925 798 1984 excommunicat
818 1923 891 1982 istos
911 1942 1030 2000 grossos
1051 1923 1197 1982 buffones.
1241 1927 1333 2003 Mag.

210 2022 276 2081 Ort.
314 2022 356 2082 Et
386 2023 424 2082 de
452 2015 701 2104 parte'diaboli,
730 2023 791 2104 ipsi
820 2041 883 2082 non
903 2021 1042 2082 facerent
1058 2032 1105 2083 tot
1124 2022 1277 2082 disturbis
1298 2025 1332 2083 in

205 2122 333 2204 populo.
383 2126 472 2202 Mag.
486 2121 568 2200 Lup.
630 2125 758 2188 Sanctus
778 2116 989 2198 Hieronymus
1011 2141 1075 2182 non
1097 2130 1162 2181 erat
1182 2122 1227 2182 ita
1247 2143 1333 2202 meg-

206 2241 266 2284 uus
288 2221 435 2296 clericus,
455 2209 534 2283 sicut
554 2221 614 2302 ipsi
635 2220 729 2282 eunti
757 2225 848 2298 Mag.
869 2221 963 2296 Ging.
1005 2221 1044 2280 Et
1057 2231 1177 2280 sanetus
1199 2223 1333 2282 Ambro-

207 2319 288 2394 sius,
323 2310 443 2382 sanctus
464 2321 670 2402 Augustinus,
689 2365 693 2372 .
711 2332 741 2380 et
768 2321 822 2380 alii
850 2338 956 2378 ornnes
984 2320 1161 2382 zelosissimi
1181 2321 1331 2382 Doctores

206 2438 271 2478 non
290 2420 426 2480 sciebant
445 2420 505 2500 ipsi
527 2421 604 2480 bene
623 2430 684 2495 tot,
706 2419 786 2479 sicut
805 2418 855 2478 isti
869 2419 1020 2478 Ribeldi?
1049 2423 1140 2500 Mag.
1163 2420 1231 2480 Ort.
1266 2418 1334 2500 'lpsi

202 2517 356 2580 ¹deberent
377 2519 575 2598 interponere
595 2518 667 2579 suis.
715 2522 805 2598 Mag.
822 2521 904 2596 Lep.
969 2519 1042 2580 Non
1064 2520 1142 2580 bene
1162 2519 1333 2599 indigemus

128 2609 130 2622 ¹
208 2617 247 2676 de
265 2637 322 2676 suo
344 2618 471 2678 Graeco.
533 2621 623 2696 Mag.
647 2617 742 2696 θέης.
802 2617 936 2677 Videtur
950 2617 1012 2692 eis,
1036 2619 1090 2698 qui
1110 2618 1210 2678 sciunt
1232 2618 1334 2678 dicere

209 2727 350 2790 to,·tou‚
373 2718 475 2796 logos,
498 2719 693 2792 mensotiros,
724 2717 854 2796 legoim,
875 2716 944 2798 taff,
964 2706 1153 2798 hogiotatos,
1175 2717 1260 2794 quod
1274 2716 1332 2797 ipsi

208 2813 310 2874 sciunt
330 2815 400 2897 plus
422 2837 514 2896 qinom
533 2817 627 2875 Deus.
688 2819 778 2896 Mag.
799 2815 864 2876 Ort.
919 2817 1066 2898 Magister
1087 2826 1192 2876 noster
1211 2816 1333 2896 Lupol·

209 2913 265 2987 de,
288 2915 429 2989 creditis,
464 2915 547 2994 quod
567 2917 653 2974 Deus
675 2927 761 2976 curat
780 2915 912 2976 multum
933 2915 972 2976 de
991 2915 1050 2976 isto
1074 2911 1217 2976 Graeco?
1243 2916 1334 2992 Mag.

209 3013 292 3092 Lep,
333 3012 424 3072 Certe
449 3034 532 3088 non,
567 3013 715 3094 Magister
734 3025 837 3074 noster
856 3014 1006 3088 Omnino,
1034 3033 1088 3093 ego
1109 3011 1217 3084 credo,
1253 3011 1335 3092 quod

208 3111 295 3170 Deus
316 3132 379 3170 non
400 3122 487 3172 curat
507 3113 646 3172 inultum.
707 3118 797 3194 Mag.
813 3115 908 3194 Ging.
973 3115 1056 3192 Quia
1077 3099 1334 3191 nemo'inteliigit

210 3229 276 3283 eos,
295 3188 406 3270 iolunt
425 3211 513 3273 uobis
534 3212 637 3272 facere
657 3215 781 3274 credere
802 3213 949 3273 mirande.
993 3217 1084 3290 Mag.
1099 3212 1167 3272 ort.
1209 3211 1249 3272 In
1262 3231 1335 3270 con-

209 3308 353 3379 scientia,
386 3330 441 3371 vos
469 3311 630 3388 videbitis,
663 3313 826 3394 quodnisi
849 3311 1103 3373 illuminatissimi
1124 3312 1276 3371 Doctores
1296 3309 1347 3394 de⁴

209 3405 374 3468 Parrhisiis
401 3409 523 3470 mittant
547 3431 641 3472 unum
667 3412 861 3472 ambasiatam
888 3411 927 3472 ad
953 3412 1068 3490 Papam
1096 3409 1135 3470 ad
1155 3427 1334 3470 excommu-

209 3506 376 3566 nicandum
398 3528 464 3583 eos,
484 3510 567 3588 quod
587 3510 647 3590 ipsi
667 3511 787 3572 faciunt
806 3529 911 3572 ornnes
929 3508 1107 3570 haereticos.
1134 3511 1226 3587 Mag.
1252 3511 1335 3584 Lup.

209 3607 247 3666 In
269 3606 351 3665 bona
362 3606 500 3683 veritate,
513 3609 670 3691 *Magister
681 3620 795 3686 noster,
815 3609 937 3694 quando
959 3628 1014 3690 ego
1036 3607 1195 3686 considero
1209 3607 1249 3668 de
1262 3627 1336 3687 pro-

209 3725 250 3786 pe
270 3704 554 3783 scandalizationes,
585 3730 659 3789 quus
679 3705 739 3790 ipsi
760 3709 896 3779 faciunt,
914 3728 969 3788 ego
990 3727 1053 3768 non
1073 3727 1197 3788 possum
1217 3705 1337 3786 aliquid

211 3803 330 3881 dicere,
352 3805 430 3882 nisi,
451 3807 534 3888 quod
555 3827 610 3888 ego
632 3809 743 3884 credo,
765 3809 858 3889 'quod
873 3806 1079 3870 Antichristus
1098 3807 1177 3869 bene
1197 3805 1259 3866 cito
1280 3825 1336 3866 ve-

211 3902 286 3966 niet.
327 3909 417 3984 Mag.
437 3909 545 3986 Ging..
572 3909 681 3969 Helas!
709 3909 800 3970 Certe
822 3909 882 3968 erit
900 3927 1010 3986 magns
1026 3906 1136 3986 ,pietas
1156 3909 1245 3983 Mag.
1269 3903 1335 3966 Ort.
1418 3893 1419 3988 ζ

150 4047 171 4082 ‚l
212 4001 338 4076 Timeo,
359 4027 398 4064 ne
419 4005 480 4065 sint
500 4007 692 4068 multimale
713 4007 882 4070 informati.
923 4007 1108 4084 Megalius.
1147 4005 1188 4066 Et
1208 4023 1275 4088 ego,
1295 4021 1336 4062 no

211 4101 272 4161 sint
292 4103 384 4162 multi
405 4106 547 4166 damnati.
589 4111 679 4186 Mag.
701 4108 795 4184 Ging.
837 4105 898 4166 Sed
917 4103 1058 4178 creditis,
1088 4103 1178 4181 ¹qrmd
1197 4101 1259 4184 ipsi
1281 4121 1336 4160 cuv

114 4251 119 4260 .
212 4199 303 4263 renti
329 4205 499 4286 Mctgtort.
524 4206 585 4268 Per
606 4207 705 4284 diem,
727 4227 782 4293 ego
802 4205 909 4281 credo,
930 4203 1014 4288 quod
1034 4203 1158 4268 videtur
1177 4201 1231 4300 eis,
1252 4201 1334 4284 quod
