2872 4722
385 299 657 403 osseus.
706 340 934 404 virson.
1182 342 1224 408 97

91 495 236 571 sinuare,
258 505 291 558 et
311 490 478 558 dictamina
498 515 692 578 componere.
752 496 855 556 Etiam
875 493 1010 578 imposui
1036 517 1129 559 unam
1159 501 1224 562 col·

90 600 199 659 lectam
219 595 257 656 in
277 596 334 656 illa
354 598 467 671 Missa,
508 616 566 678 pro
588 597 738 678 Magistro
758 605 864 658 nostro
885 599 996 658 Jacobo
1018 597 1057 656 de
1075 599 1224 678 Hogstra·

90 708 157 771 ten,
178 705 211 756 et
225 695 377 776 Magistro
391 705 495 756 nostro
506 695 646 757 Arnoldo
662 695 701 756 dc
715 696 879 778 Tnngaris,
903 715 1023 756 summo
1044 712 1168 778 regente
1188 699 1223 760 in

90 798 182 858 bursa
200 795 387 870 Laurentii,
422 795 506 876 qnod
530 805 659 876 possunt
684 797 719 856 in
748 796 956 878 disputatione
976 796 1166 877 Theologios
1183 779 1224 858 ad

91 905 203 956 metam
222 893 453 973 redargutionis
474 894 588 957 ducere
609 897 764 977 quendam
783 896 952 958 Ductorem
980 895 1015 956 in
1036 897 1127 974 inre,
1169 898 1224 980 qui

90 1005 221 1055 vocatur
238 993 567 1067 Ioannesltcnchlin,
605 993 698 1054 ctiam
721 1005 766 1056 cst
785 996 880 1055 Poeta
901 994 1048 1056 secularis
1068 1005 1100 1057 ct
1128 1017 1224 1079 prac-

90 1104 306 1175 sumptnosns,
343 1103 374 1154 et
395 1103 480 1154 tenet
501 1093 677 1174 oppositum
697 1108 805 1156 contra
825 1093 1063 1169 Universitates,
1092 1116 1150 1180 pro
1169 1100 1225 1160 Iu.-

90 1193 185 1254 daeis.
241 1193 284 1254 Et
306 1193 381 1254 facit
401 1193 626 1274 propositiones
647 1195 838 1254 scandalosas
866 1202 898 1254 et
917 1193 1082 1254 offensivas
1101 1183 1225 1276 piarum

89 1293 231 1366 aurium,
268 1301 299 1352 et
316 1292 462 1372 probavit
488 1295 619 1354 ioannes
640 1271 859 1367 Plcfferltorn,
897 1301 928 1352 et
955 1292 1101 1374 Magister
1121 1309 1226 1360 nostor

89 1395 274 1473 Tnngarus,
296 1392 350 1452 sed
370 1411 436 1452 non
459 1401 504 1452 est
524 1391 671 1474 fundatus
692 1391 726 1452 in
750 1391 922 1473 Theologia
939 1391 1147 1473 speculativa,
1167 1415 1225 1457 nec

88 1491 285 1572 qrralificatus
306 1490 341 1553 in
353 1491 544 1565 Aristotele,
573 1500 632 1551 aut
655 1491 748 1552 Petro
771 1491 920 1571 Hispano.
981 1489 1055 1550 Ideo
1082 1493 1226 1576 Magistri

87 1580 199 1652 nostri
211 1591 247 1651 in
267 1588 426 1652 Parthisia
447 1591 672 1658 damnaverunt
694 1591 733 1650 ad
761 1590 864 1672 ignem
892 1591 945 1651 vel
965 1594 1224 1658 reclamationem.

86 1693 157 1771 Ego
178 1691 248 1752 ridi
266 1691 388 1750 literam
416 1698 447 1750 et
474 1689 609 1767 sigillum
634 1690 764 1750 Domini
788 1690 908 1750 Decani
932 1703 1140 1756 sacrosanctae
1164 1699 1225 1758 Fa·

88 1789 219 1850 cultatis
241 1789 445 1869 Theologicae
471 1787 672 1849 Parrbisiens.
735 1789 825 1850 Unna
852 1789 1072 1870 Magistrorum
1102 1809 1225 1857 nostro·-

89 1909 169 1952 runa
190 1889 281 1949 valde
299 1889 473 1970 profundus
494 1887 529 1946 in
550 1907 635 1949 sacra
649 1887 830 1969 Theologia,
851 1901 882 1948 et
897 1889 1090 1956 illuminatus
1102 1895 1138 1956 in
1152 1895 1224 1970 fida,

89 1987 149 2072 qni
177 1997 225 2049 est
249 1989 423 2050 membrum
450 1997 582 2070 quatuor
609 1987 872 2063 Universitatnm,
892 2003 939 2050 =et
963 1994 1018 2072 qui
1039 1994 1132 2057 habet
1153 1997 1224 2078 plns

90 2109 184 2169 qoam
203 2101 326 2148 centum
341 2088 510 2148 scribentes
522 2105 616 2168 snper
638 2087 733 2148 libros
756 2088 997 2166 sententiarum,
1019 2093 1054 2154 in
1068 2094 1179 2175 quibus
1191 2113 1225 2156 sc

91 2189 198 2250 fundat
207 2211 218 2268 3
238 2189 319 2248 dixit
334 2187 507 2260 manifeste,
529 2185 612 2266 qnod
628 2187 803 2266 praedictus
819 2187 937 2249 Doctor
952 2191 1084 2252 loannes
1098 2194 1224 2255 Reueh-

91 2290 136 2350 lin
154 2309 221 2348 non
242 2299 343 2369 potest
371 2287 517 2360 eradere,
557 2296 588 2343 et
613 2285 698 2364 quod
727 2285 820 2344 otiam
839 2287 923 2367 Papa
944 2308 1009 2349 non
1023 2292 1130 2352 -andct
1151 2295 1225 2354 darc

89 2387 274 2450 sententiam
294 2397 402 2446 contra
420 2387 512 2448 talem
527 2384 772 2462 solennissimam
787 2385 1044 2463 Universitatem,
1067 2389 1140 2470 quia
1158 2391 1224 2473 ipso

89 2511 152 2550 non
175 2501 224 2549 est
244 2488 439 2566 Theologus,
474 2485 651 2546 otbertum
678 2484 832 2544 Thomam
861 2497 968 2547 contra
995 2490 1134 2548 Gentiles
1160 2509 1242 2551 non,

86 2588 259 2668 intelligit,
284 2585 419 2666 quamvis
442 2583 564 2658 dicunt,
587 2583 671 2662 quod
692 2592 737 2642 est
756 2582 879 2658 doctus,
902 2585 1048 2648 videlicet
1070 2588 1105 2648 in
1124 2589 1223 2650 Pocsi.

88 2687 237 2748 Ostendit
254 2685 334 2744 mihi
357 2686 506 2766 Magister
531 2694 654 2757 noster,
694 2681 748 2762 qni
780 2692 824 2743 est
843 2684 998 2746 Plebanus
1025 2686 1064 2747 ad
1084 2699 1223 2748 sanctum

88 2787 263 2848 Martinam
269 2827 279 2860 ,
301 2785 490 2865 Epistolam,
512 2784 546 2842 in
568 2802 628 2862 qua
650 2781 705 2841 illa
728 2781 921 2844 Universitas
940 2787 1128 2848 sororisnae
1142 2787 1223 2848 Uni-

88 2885 227 2946 versitati
244 2885 450 2958 Coloniensi,
471 2883 562 2944 valde
584 2881 785 2941 amicabiliter
800 2883 951 2962 promittit
967 2885 1223 2946 auxilinmsuum

87 2986 214 3046 realiter
236 3005 309 3050 cum
331 2985 463 3052 effectu,
485 2991 638 3042 ettamen
660 2982 711 3040 isti
731 2980 936 3044 latinisatores
957 2995 1160 3065 praesumunt
1174 2995 1222 3046 te-

87 3103 161 3144 nere
182 3087 372 3166 oppositum.
433 3085 498 3163 Ego
520 3080 586 3141 sedi
613 3101 714 3160 nuper
734 3069 915 3160 Mognntiae
945 3083 979 3143 in
1010 3103 1142 3144 coronae
1163 3081 1223 3144 ho*-

87 3183 197 3264 apilio,
233 3185 289 3248 ubi
321 3183 549 3245 tribulaverunt
569 3195 621 3239 me
647 3179 738 3240 valde
764 3180 929 3243 indiscrete
957 3183 1019 3243 dno
1038 3187 1222 3260 trnfatores,

88 3293 282 3345 vocaverunt
300 3279 462 3362 Magistros
482 3291 619 3357 nostros,
652 3281 687 3340 in
708 3280 866 3342 Parrhisia
884 3291 917 3340 et
939 3282 1089 3355 Colonia,
1118 3283 1223 3344 fanta-

88 3384 196 3458 sticas,
218 3391 251 3443 et
270 3384 388 3457 stultos,
410 3393 439 3442 et
462 3381 608 3441 dixerunt
626 3379 709 3469 quod
728 3381 867 3461 ipsorum
887 3380 962 3440 libri
981 3401 1076 3462 snper
1094 3391 1221 3440 senten-

88 3481 142 3541 tias
162 3492 268 3542 essent
287 3482 448 3543 fantasiae:
470 3481 615 3541 similiter
634 3500 814 3560 processus,
835 3478 991 3556 copulata,
1013 3478 1220 3558 reparationes

34 3563 38 3572 ’
88 3583 230 3641 omnium
252 3582 429 3657 bursarum,
452 3582 615 3652 dixerunt,
641 3579 724 3658 quod
746 3588 844 3636 esseut
861 3575 1018 3635 vanitates.
1060 3579 1151 3638 Tunc
1171 3578 1220 3638 tui

88 3682 129 3740 ita
148 3681 269 3753 iratus,
291 3683 374 3760 quod
395 3702 458 3741 non
478 3679 556 3739 scivi
577 3677 772 3758 respondere.
814 3676 893 3734 Cum
923 3673 983 3734 lsoc
1011 3673 1103 3733 etiam
1123 3695 1221 3736 vexa-

88 3793 203 3840 verunt
223 3801 293 3854 me,
331 3781 413 3860 qnod
435 3780 497 3839 feci
516 3779 689 3858 passagium
711 3776 750 3836 ad
770 3773 948 3844 treverim,
982 3771 1022 3834 ad
1048 3774 1220 3836 videndum

89 3881 244 3940 Tunicam
266 3880 415 3954 Domini,
437 3880 509 3959 quia
532 3878 697 3950 dixerunt,
725 3873 808 3955 quod
829 3873 964 3932 fortassis
985 3883 1058 3933 non'
1071 3885 1148 3932 esset
1168 3885 1237 3934 tn-·
1311 3935 1318 3948 ,

90 3983 158 4039 nica
180 3979 328 4053 Domini,
365 3991 395 4038 et
415 3980 625 4058 probaverunt
649 3975 693 4034 sic
719 3994 776 4054 por
805 3983 968 4032 cornutum
990 3972 1218 4052 syllogismum:
1274 4063 1277 4068 1

93 4075 256 4158 Quicquid·
271 4089 318 4140 cst
338 4080 605 4150 laceratumnon
626 4074 716 4134 debet
735 4071 855 4132 ostendi
876 4091 933 4153 pro
955 4073 1060 4133 tunica
1072 4071 1218 4132 Domini:

90 4178 143 4238 sed
160 4180 217 4239 illa
240 4189 286 4240 cst
304 4179 391 4253 talis,
413 4198 485 4258 ergo
508 4185 564 4236 otc.
622 4175 713 4234 Tunc
739 4192 794 4254 ego
815 4171 949 4238 concessi
970 4170 1136 4250 majorem,
1166 4170 1220 4230 sed

91 4281 198 4357 negari
217 4280 381 4341 minorem.
434 4281 525 4339 Tunc
544 4274 758 4356 probaverunt
782 4274 847 4372 sio:¹
882 4273 916 4332 B.
939 4273 1150 4353 Hieronymus
1172 4269 1221 4331 di-

994 4370 1016 4432 7
