2840 4718
193 294 260 396 sio
588 317 935 386 crisconi

197 578 244 652 c.
261 575 310 649 Ν.
327 527 440 650 ΝΛ).
465 525 736 645 colerico
756 567 1021 645 zwnccmo
1049 564 1333 659 Huuveum,

711 778 811 824 Arno
831 813 833 821 s
853 813 855 822 .

255 927 487 1000 TIGURINOS
509 923 834 990 CONCIONATORI
852 923 1166 989 ERUDI'l'lSSIMO.
1180 921 1212 984 S.
1223 921 1266 984 D.

194 1157 312 1241 Pudor
331 1175 445 1249 obstat,
465 1172 584 1256 optime
603 1172 649 1236 mi
670 1170 819 1254 Zwingli,
842 1191 904 1253 quo
924 1168 1029 1232 minus
1049 1168 1107 1232 tibi
1125 1165 1328 1251 perscribere,

193 1297 274 1360 qnae
300 1295 365 1337 ncn
392 1273 489 1355 pudet
515 1273 592 1334 baec
618 1272 779 1353 designare
804 1272 953 1353 qnondam
981 1270 1177 1352 Theolcgoe,
1211 1268 1328 1347 abique

192 1395 341 1460 persons,
368 1384 433 1434 tam
446 1373 557 1448 stulte,
590 1382 626 1434 ut
643 1370 898 1445 nullmsshietrim
930 1372 1127 1452 quantumvis
1146 1367 1326 1449 impudens,

191 1477 274 1539 ausit
292 1474 407 1536 similia
427 1473 531 1534 facere
544 1481 733 1553 personatus.
771 1470 874 1552 Hujus
893 1468 1212 1552 fabulsevpraecipnas
1229 1476 1326 1548 agunt

191 1577 295 1660 partes
315 1577 447 1637 ioannes
467 1571 616 1633 Briardus
635 1570 775 1645 Arensis,
786 1570 892 1632 ,homo
911 1571 968 1632 vix
987 1569 1153 1652 bipedalis,
1178 1567 1325 1628 seditem

191 1675 401 1740 facetissimus
421 1672 565 1733 simulet
583 1670 863 1746 virulentissimae,
900 1669 1035 1750 denique
1061 1667 1254 1745 Galliculus3
1279 1675 1324 1728 est

193 1778 279 1838 enim
294 1795 335 1836 ex
352 1774 408 1834 illa
426 1771 592 1833 hominum
614 1769 766 1847 colluvie,
801 1791 843 1832 cx
861 1768 1025 1832 Germanis
1050 1769 1144 1830 simul
1172 1777 1210 1850 ct*
1225 1766 1323 1838 Gallis

192 1875 342 1950 conficte,
384 1883 416 1934 et
437 1872 477 1932 ob
503 1871 564 1932 boc
590 1868 746 1936 infensior
764 1873 818 1945 lest
845 1879 970 1934 nostras
999 1867 1202 1944 Germaniae,
1242 1887 1320 1948 qnae

191 1995 278 2038 nunc
296 1983 420 2057 praeter
437 1983 573 2034 caeteras
598 1970 749 2031 Nationes
768 1969 907 2032 feliciter
926 1969 1122 2050 amplectitur
1140 1989 1206 2030 non
1227 1968 1333 2028 modo*

190 2075 439 2149 baralirem,
461 2091 573 2136 verum
594 2070 688 2170 etiem
705 2069 870 2155 pristinam
888 2070 1046 2134 scribendi
1064 2071 1243 2133 libertatem
1263 2067 1321 2130 sibi
1418 2117 1419 2140 ,

191 2183 327 2258 usurpa.
1418 2159 1419 2182 ¹

273 2273 337 2336 Hic
356 2293 427 2335 cnm
446 2272 486 2334 sit
502 2270 673 2350 seniculus,
700 2279 731 2333 et
748 2290 873 2354 semper
891 2262 1027 2334 abundet
1046 2267 1188 2354 pessimis
1205 2268 1319 2334 humo-
1418 2283 1419 2310 l

87 2409 90 2420 ·
192 2373 300 2448 ribus,
332 2395 411 2454 quae
430 2395 513 2435 nnnc
532 2373 642 2456 pedes,
675 2393 761 2434 nunc
780 2374 896 2448 latera,
927 2371 1097 2454 aliquando
1116 2371 1208 2432 etiam
1229 2378 1320 2452 capue

192 2475 349 2536 obsidenti
391 2482 496 2536 tamen
522 2473 678 2535 medicum
705 2473 798 2535 hebet
821 2477 972 2537 Ioannem
997 2472 1148 2537 Winckel
1172 2471 1320 2552 juvenem

192 2575 313 2659 egregie
333 2571 510 2648 indoctum,
540 2573 595 2634 sed
616 2573 677 2636 sibi
695 2575 735 2634 ob
759 2574 884 2636 divitias
903 2574 944 2634 ad
963 2571 1114 2634 insaniam
1133 2590 1232 2652 usque
1253 2569 1320 2650 pla-

192 2685 331 2748 centem,
365 2683 526 2753 praeterea
545 2671 750 2734 nihilominus
778 2673 887 2755 lingna
904 2671 1137 2760 sycophantics,
1166 2689 1261 2751 quam
1280 2669 1320 2750 sit

176 2767 316 2839 'Arensis
336 2772 416 2851 ipse,
444 2772 500 2851 qui
521 2772 604 2832 nihil
624 2783 671 2834 est
689 2771 751 2833 ni'si
769 2793 926 2837 venenum
947 2793 1079 2834 merum.
1124 2772 1207 2832 Eum
1229 2769 1319 2830 adbi-

190 2875 244 2936 bet
263 2891 335 2936 cum
354 2872 474 2934 laborat
492 2872 574 2941 mala
593 2866 714 2952 pituita
753 2873 785 2934 Is
804 2873 965 2934 hominem
985 2893 1026 2933 ex
1043 2870 1152 2932 iussim
1171 2869 1249 2931 facit
1267 2869 1316 2930 in-
1346 2868 1350 2873 “
1417 2881 1418 2944 j

89 2994 91 3001 ·
190 2971 355 3034 saniorem.
407 2972 488 3032 Sunt
516 2980 547 3032 et
565 2982 689 3052 praeter
709 2972 787 3033 alios
807 2973 1000 3056 instigatores
1019 2991 1084 3036 uon
1111 2989 1236 3052 pancos,
1257 2967 1317 3030 dno

190 3070 352 3153 praecipui
372 3071 417 3132 M.
436 3071 476 3130 N.
497 3072 625 3144 lacobus
644 3074 810 3148 Latonius,
837 3073 893 3154 qni
913 3093 954 3134 ex
973 3071 1082 3133 infima
1100 3071 1186 3143 fece,
1208 3079 1241 3129 et
1252 3070 1316 3128 eol.-

189 3168 339 3251 legiaticis
368 3170 535 3250 pediculis,
576 3172 632 3234 ubi
663 3172 788 3232 emersit
815 3171 856 3232 ad
884 3171 1026 3234 notitiam
1055 3169 1317 3233 Reverendieeimi

190 3268 364 3342 Cardinalis
377 3269 417 3328 de
438 3270 542 3350 croy,
575 3271 662 3352 cnjus
683 3271 832 3352 optimam
851 3272 989 3334 indolem
1008 3293 1064 3334 sno
1086 3271 1215 3346 morbo,
1255 3269 1316 3330 boc

113 3382 116 3387 “
190 3380 237 3431 est
256 3367 319 3430 suis
339 3362 459 3429 naeniis
480 3369 672 3450 sophisticis,
693 3371 728 3430 in
747 3372 860 3451 quibus
878 3373 989 3434 bonam
1003 3381 1123 3454 partem
1142 3371 1227 3432 ritae
1246 3389 1314 3452 per·
1416 3447 1417 3450 Ἴ

189 3469 285 3546 didit,
305 3467 432 3528 inficere
453 3481 601 3546 conatur,
620 3470 718 3530 facum
739 3482 784 3533 est
802 3472 991 3538 intolerabili
1010 3471 1194 3552 arrogantia.
1221 3473 1315 3534 Prae-
1416 3489 1417 3542 3

188 3579 274 3631 terea
293 3568 438 3648 Ruardpn
457 3571 653 3645 Encustrs,
682 3569 777 3632 homo
796 3573 965 3647 miserabili
984 3571 1136 3650 balbutio,
1164 3581 1196 3648 et
1214 3551 1315 3646 temen

188 3667 512 3744 maledicentissima,
533 3669 677 3752 ingenio,
690 3663 812 3748 lorino,
830 3661 937 3748 vultu,
957 3661 1094 3742 incessu,
1114 3669 1315 3750 doctrinaque

127 3765 136 3776 ’
189 3768 322 3844 fratrali,
343 3767 436 3828 etiam
462 3767 490 3828 si
510 3789 575 3829 non
597 3770 637 3830 sit
660 3771 767 3832 frater.
828 3773 891 3834 Hic
908 3773 1009 3834 veluti
1028 3769 1141 3853 Polypi
1162 3783 1315 3842 transmu-

188 3880 295 3929 tantur
316 3867 355 3928 ad
376 3857 499 3928 omnem
520 3867 678 3944 habitum,
711 3891 784 3950 curn
798 3871 1041 3953 Atouriaegroto
1055 3880 1231 3951 aegrotant,
1245 3891 1314 3932 cum

187 3967 363 4028 insaniente
372 3965 539 4034 insaniunt
563 3969 795 4052 Contemplatus
805 3993 874 4040 sum
882 3992 988 4034 omncs
1001 3993 1060 4053 per
1072 3971 1171 4032 otium
1184 3970 1314 4052 diligen·

189 4075 256 4141 ter,
279 4065 377 4128 animi
397 4067 539 4127 morbum
558 4067 625 4150 ipsa
644 4071 784 4151 corporis
808 4072 910 4154 specie
928 4093 1004 4153 prae
1022 4091 1056 4134 se
1075 4073 1191 4136 ferunt·
1224 4070 1313 4132 Alio-

189 4184 262 4225 rum
281 4163 460 4246 nominibus
479 4167 617 4247 prudens
637 4169 672 4231 in
692 4172 936 4254 praesentiarum
955 4175 1060 4254 parco,
1080 4191 1265 4254 quamquam
1282 4181 1314 4234 et

190 4259 242 4321 illi
261 4261 361 4336 veluti
381 4263 507 4344 publico
527 4266 637 4332 furore
655 4270 812 4352 phanatici
832 4273 1046 4339 vociferantur
1071 4276 1185 4338 acriter
1202 4273 1238 4336 in
1259 4292 1314 4356 op-
1415 4289 1416 4302 ¹
