2872 4722
392 273 667 377 ons-cca.
701 275 966 378 yv41aoa„
1072 279 1075 290 ι
1124 337 1126 344 ,
1182 275 1225 343 tr

90 457 201 510 mens,
211 447 243 494 et
267 434 340 494 estis
361 434 441 494 bene
462 430 572 504 melior
591 431 694 498 Poeta
686 449 798 510 quam
817 430 882 492 ille.
915 433 955 493 Et
946 452 1131 514 praecipue
1144 433 1220 494 scri-

87 537 158 598 bere
179 535 282 607 mihi,
304 533 381 618 quid
394 533 495 592 facist
521 532 559 590 D.
586 531 671 590 loen.
687 513 903 604 Pfeffcrkorri,
922 552 961 590 an
991 532 1093 614 adhuc
1111 530 1220 592 habeat

87 633 286 694 inimicitiam
305 651 378 692 cum
398 633 532 708 Doctore
550 605 726 700 Reucblin,
758 638 789 687 et
808 649 848 689 an
877 649 934 692 vos
956 609 1057 691 adhuc
1076 631 1220 720 delendi-

87 735 124 794 tia
143 755 236 807 eum,
273 731 355 792 sicut
373 731 504 805 fecistis,
534 741 564 788 et
583 726 695 788 mittite
724 726 917 792 millianam
937 730 1113 792 novitatem.
1135 730 1219 798 Va-

87 833 176 924 lete
165 854 202 894 ιιι
224 821 364 922 Christo.
423 829 426 836 ⁴

184 997 234 1054 M.
255 997 390 1084 Ioannes
411 994 640 1074 Contrijusoris
659 997 819 1076 Magistro
848 995 981 1057 Ortuino
1003 993 1122 1056 dfratio.

170 1131 311 1191 Salutem
333 1128 509 1192 cordialem.
570 1131 767 1192 Venerabilis
785 1132 920 1193 Domine
940 1133 1104 1213 Magister,
1139 1152 1218 1212 quo·

85 1229 172 1288 niam
195 1230 321 1309 quidem
343 1251 433 1312 saepe
453 1229 649 1292 tractavimus
670 1232 745 1292 talos
766 1231 905 1294 levitates
925 1232 965 1292 ad
985 1215 1128 1292 invicem.
1172 1231 1217 1306 ⁴Et

85 1329 161 1407 quia
179 1349 246 1388 non
267 1341 312 1388 est
333 1349 408 1389 cura
427 1330 531 1404 vobis,
571 1329 598 1390 si
624 1329 735 1410 aliquis
757 1331 871 1394 dixerit
891 1332 978 1394 vobis
1000 1351 1094 1391 unam
1115 1330 1216 1390 faeta·
1260 1331 1271 1364 <

17 1461 20 1470 ·
82 1429 185 1502 siam,
207 1429 293 1495 sicut,
306 1448 363 1512 ego
384 1447 468 1488 nuno
486 1429 632 1503 intendo,
654 1440 818 1508 propterea
837 1452 901 1492 non
922 1427 1031 1502 timui,
1054 1428 1138 1509 quod
1156 1429 1210 1490 tol·

82 1528 158 1588 latis
178 1527 215 1598 in
235 1529 347 1588 malam
368 1540 506 1608 partem,
537 1525 620 1607 quod
641 1527 772 1610 scribam
791 1530 880 1590 vobis
897 1550 982 1590 nunc
1000 1549 1100 1588 unum
1120 1527 1215 1592 cavil-

73 1627 247 1686 lationem.
262 1679 270 1686 .,
288 1627 371 1706 Quia
389 1647 448 1688 vos
468 1628 561 1687 ctiam
580 1627 680 1686 fecitis
701 1628 818 1702 taliter,
841 1617 874 1690 et
889 1651 945 1691 vos
964 1628 1121 1702 ridebitis,
1155 1648 1215 1707 ‚ego

81 1726 193 1799 acio,
216 1727 289 1805 quia
315 1738 357 1785 est
383 1724 527 1786 mirabile
556 1719 682 1786 factum.
743 1727 817 1789 Fuit
837 1728 890 1789 hic
909 1749 1011 1809 nuper
1030 1727 1156 1807 quidam
1178 1730 1216 1788 dc

82 1824 216 1886 Ordine
236 1825 500 1902 Praedicatornm,
523 1838 553 1884 et
574 1825 636 1885 fuit
655 1826 726 1884 satis
745 1829 943 1907 profundus'
934 1850 969 1890 ιιι
984 1823 1165 1908 Theologia,
1185 1840 1216 1888 et

81 1925 154 1984 fuit
174 1923 399 2014 speculativas,
425 1933 456 1986 et
476 1923 585 2008 habuit
603 1925 694 1986 etiam
718 1928 830 1988 multos
852 1927 1045 1999 lautores,
1035 1947 1102 2008 ipse
1122 1946 1215 1990 voca-

80 2032 139 2083 tur
158 2023 200 2082 D.
213 2015 382 2102 Georgius,
403 2032 443 2083 et
454 2023 591 2104 primum
613 2025 675 2084 fuit
696 2026 816 2104 Hallis,
840 2027 952 2088 deiude
972 2026 1059 2089 veuit
1082 2024 1162 2100 huo,
1185 2035 1214 2084 ct

81 2120 277 2202 praedicavit
302 2123 382 2180 bene
406 2142 465 2202 per
493 2124 657 2186 dimidium
687 2147 820 2199 annum,
854 2109 889 2186 in
914 2145 1056 2186 sermone
1083 2144 1140 2183 suo
1162 2145 1214 2183 re-

81 2219 281 2300 prehendens
303 2239 409 2280 omncs
429 2218 587 2297 bominci,
615 2225 708 2285 etiam
728 2223 905 2304 Principem
930 2234 961 2283 et
982 2242 1053 2282 auos
1073 2223 1213 2284 vasallos.

82 2319 147 2378 Sed
167 2319 204 2378 in
233 2319 398 2378 collatione
422 2319 484 2382 fuit
510 2322 631 2380 socialis
652 2332 682 2384 et
703 2325 800 2383 laetae
821 2321 949 2395 mentis,
993 2331 1023 2381 ct
1043 2319 1122 2380 bibit
1142 2341 1212 2380 cum

78 2418 176 2477 sociis
206 2418 250 2498 ad
276 2417 416 2478 dimidios
444 2420 540 2500 etad
565 2430 652 2482 totos.
713 2421 774 2504 Sed
792 2440 913 2502 semper
933 2417 1055 2499 quando
1075 2419 1114 2478 de
1143 2439 1212 2479 sero
1276 2457 1286 2472 ,«

77 2518 166 2578 bibit
186 2516 364 2590 nobiscum,
397 2523 483 2578 tunc‘
497 2520 536 2579 de
557 2513 656 2580 ¹insane
685 2517 875 2602 praedicavit
902 2517 1063 2589 danobis,
1094 2517 1211 2578 diceus:
1277 2519 1279 2528 '

77 2619 129 2678 lta
150 2617 264 2678 sedent
283 2615 422 2694 Magistri
440 2617 473 2676 in
496 2615 553 2676 hac
573 2619 781 2678 Universitate
802 2638 872 2677 cum
890 2615 957 2676 suis.
973 2614 1072 2692 sociis,
1093 2637 1150 2698 per
1164 2618 1212 2676 t'o-
1267 2631 1273 2642 ¹

79 2728 145 2778 tam
164 2723 292 2797 noctem
312 2715 463 2788 bibentes,
483 2717 640 2791 ludentes,
663 2728 693 2779 et
711 2725 873 2778 tractantes
891 2716 1056 2776 levitatem.
1097 2716 1137 2775 Et
1152 2705 1212 2794 ipsi

82 2817 233 2876 deberent
253 2833 305 2872 eos
326 2812 373 2880 de¹
386 2815 497 2874 talibus
518 2817 696 2893 emendare,
730 2828 805 2880 tuno
834 2815 893 2897 ipsi
914 2817 1102 2900 incipiente
1121 2833 1212 2894 saepe

82 2915 158 3002 fecit
178 2912 261 2988 mihi
285 2914 509 2974 verecundiam.
550 2917 590 2974 Et
609 2916 658 2975 fui
676 2905 773 2976 iratus
791 2917 885 2996 super
905 2937 994 2987 eum,
1018 2913 1049 2976 el
1069 2913 1209 2998 cogitavi,

82 3013 380 3095 quomodo-possem
401 3033 452 3072 me
472 3014 647 3089 vindicare,
678 3025 709 3076 et
728 3037 792 3076 non
812 3014 899 3096 potui
921 3014 1110 3095 imaginare,
1131 3035 1210 3095 quo·
1248 3043 1256 3091 '.

82 3113 175 3172 modo
195 3112 341 3172 facerem.
383 3113 423 3172 Et
442 3115 537 3172 semel
557 3113 635 3172 dixit
656 3114 735 3174 mihi
756 3135 856 3188 unus,
883 3113 1038 3195 quomodo
1060 3115 1098 3173 de
1119 3123 1209 3174 nocte

82 3213 142 3273 iret
160 3211 217 3270 ille
237 3211 437 3271 Praedicator
455 3212 496 3272 ad
522 3233 615 3272 unam
643 3212 824 3283 mulierem,
862 3224 892 3273 et
917 3221 1105 3293 supponeret
1129 3232 1206 3284 eam,

84 3321 113 3372 et
132 3309 287 3370 dormiret
307 3331 378 3370 cum
399 3331 443 3370 ca.
506 3311 545 3370 Et
565 3303 625 3390 ego'
641 3299 768 3372 audiens
788 3313 879 3386 talia,
907 3313 1003 3371 semel
1025 3309 1128 3389 accepi
1148 3311 1206 3370 ali-

83 3431 158 3490 quos
175 3409 289 3482 socios,
306 3408 360 3488 qui
380 3396 460 3482 stant
479 3408 513 3468 in
523 3411 672 3490 collegio,
696 3422 727 3471 et
744 3411 825 3470 circa
842 3409 951 3469 borani
973 3408 1122 3466 decimam
1143 3407 1205 3469 ivi-

83 3529 148 3568 mus
169 3508 210 3568 ad
230 3508 318 3566 illam
339 3509 481 3582 domurn,
504 3520 611 3590 etper
634 3510 695 3571 vim
715 3508 905 3569 intravimus.
951 3509 1042 3566 Tunc
1061 3505 1117 3564 ille
1137 3489 1217 3565 mo-'

82 3608 199 3670 nacbus
217 3607 327 3688 volens
346 3607 463 3686 sugere,
483 3621 548 3680 non
569 3607 676 3669 habuit
696 3619 827 3687 tempus,
847 3616 883 3666 ut
904 3606 1027 3666 tolleret
1038 3593 1204 3665 vestimen-

82 3719 112 3768 ta
131 3730 209 3782 sua,
232 3715 264 3766 et
282 3703 403 3766 ialtavit
421 3703 524 3767 'nudus
545 3728 584 3765 ex
604 3695 758 3782 fenestra,
780 3718 810 3764 ct
829 3726 884 3786 ego
900 3704 953 3764 risi
972 3697 1026 3776 ita,
1048 3703 1131 3782 quod
1143 3714 1204 3764 eta-

82 3809 135 3866 tim
143 3804 397 3888 perminxissesn
417 3825 486 3878 me,
513 3816 544 3866 et
562 3806 709 3868 clamavi.
749 3806 884 3866 Domine
904 3802 1115 3888 Praedicator,
1137 3789 1204 3862 tol-

83 3907 150 3966 latis
174 3904 367 3994 pontificalia
398 3914 512 3966 vestra:
547 3917 577 3988 ct
605 3905 679 3966 socii
706 3905 841 3966 exterius
860 3901 1056 4006 projecerunt
1077 3921 1147 3962 eum
1170 3901 1203 3962 in

83 4005 220 4064 merdam
242 4017 280 4066 ct
293 4024 414 4082 aquam.
456 4005 516 4065 Sed
537 4026 593 4086 ego
612 4006 784 4085 compescui
804 4026 872 4078 eos,
892 4013 922 4062 ct
941 3999 1024 4075 dixi,
1051 3999 1133 4080 quod
1147 4000 1203 4058 ha-

83 4105 190 4166 berent
209 4103 451 4176 discretionem,
476 4113 679 4164 vermrtamen
699 4105 805 4166 audivi
825 4125 894 4177 eos,
922 4096 1006 4182 quod
1027 4105 1137 4164 omnet
1152 4120 1204 4158 ou·

86 4203 299 4282 perposuimus
319 4189 404 4282 illam¹
426 4189 615 4278 mulierem]
632 4203 678 4264 ,Et
698 4201 745 4282 ita
760 4201 920 4266 vindicavi.
938 4221 987 4287 mc
1006 4199 1044 4258 de
1061 4198 1117 4275 illo
1138 4215 1204 4258 mo·
1246 4241 1247 4246 κ

475 4291 479 4316 l
