2788 4732
354 325 901 394 OBSOURVIROR.
1126 327 1192 402 283
1306 353 1309 362 ’

72 505 157 568 snper
174 483 422 566 Hieronymum,
441 493 473 548 et
492 483 571 548 sicut
591 505 647 569 ego
662 483 774 556 sudio,
792 493 869 545 tnnc
887 482 955 564 ipse
974 482 1106 564 pessime
1127 487 1192 548 str-

72 586 128 660 bir,
163 606 218 668 ego
240 605 304 648 non
326 585 497 666 acciperem
528 585 651 648 cent'um
671 584 822 660 florenos,
860 583 943 664 quosl
964 581 1110 646 biberem
1129 584 1191 646 hoc

73 683 101 744 in
118 685 188 745 loco
210 703 283 762 ωας
311 683 384 764 quie
404 669 525 760 dicunt,
553 685 636 766 qnod
656 685 723 766 ipse
742 684 788 744 ibi
808 683 938 744 multam
954 682 1122 745 seminavit
1143 683 1191 744 ei-

61 783 203 858 nardum,
224 796 256 842 et
275 793 379 865 putet,
400 783 484 864 quod
506 805 598 845 nemo
618 785 726 846 debent
747 784 807 844 hoc
827 791 945 842 uetere.
1003 781 1190 870 Sequagi-

74 882 118 940 stri
138 881 238 942 nostri
258 901 322 944 non
341 893 414 944 sunt
433 893 496 944 tem
516 883 618 958 stulti,
654 896 684 944 st
705 884 766 966 ipsi
785 882 865 942 bene
886 881 1006 956 sciunt,
1036 881 1093 943 nbi
1111 879 1192 962 jacet

73 981 171 1060 anguis
192 982 227 1042 in
249 981 345 1042 herba
363 983 413 1059 (ut
431 983 608 1044 Aler‘eensler
622 982 691 1061 sit).
733 983 799 1061 Ego
820 1000 883 1041 non
904 978 992 1062 potui
1013 980 1118 1042 omnio
1138 1001 1191 1042 re-

72 1069 182 1153 tinere',
202 1080 257 1140 sed
278 1081 381 1161 alique
401 1082 502 1142 adhuc
523 1081 606 1156 scio,
629 1082 702 1162 quie
721 1082 815 1155 dicit,
836 1079 920 1160 qnod
941 1075 971 1142 S.
981 1079 1191 1162 Hieronymus

71 1197 126 1238 non
147 1179 211 1238 fuit
226 1179 416 1253 cardinalis,
456 1179 539 1261 quod
562 1179 670 1260 ntique
689 1189 735 1241 eet
755 1179 872 1240 crimen
887 1179 987 1240 inesse
1005 1179 1191 1260 Mejestntis;

71 1286 95 1336 et
113 1277 195 1338 mule
215 1279 308 1338 sentit
329 1276 367 1338 'de
389 1280 420 1338 S.
436 1277 586 1362 Georgio,
615 1290 647 1341 et
661 1278 871 1351 christoforo,
900 1288 931 1344 et
949 1279 1089 1360 reliqniis
1111 1281 1191 1340 Sen-

70 1384 199 1450 ctornm‚
228 1387 259 1446 ct
276 1377 424 1452 crudelis,
453 1379 543 1440 etde
563 1378 1013 1462 confessione¹Sacrementsli3
1041 1378 1134 1440 etism
1154 1378 1192 1440 in
1254 1411 1256 1424 ·

70 1475 168 1534 multis
188 1475 265 1535 locis
293 1476 498 1558 blasphemet,
536 1479 611 1558 quis
638 1478 778 1559 loquitur
803 1490 910 1540 conns
928 1479 1100 1540 Ductorem
1118 1497 1191 1540 seu·

69 1581 161 1649 ctum,
196 1586 228 1634 et
246 1588 352 1664 contre
372 1579 538 1638 Doctorcm
556 1577 720 1653 subtilem,
749 1589 780 1637 st
799 1575 891 1653 dicit,
914 1575 998 1657 qnod
1017 1575 1191 1657 Theologin

68 1671 201 1751 ipsorum
236 1675 320 1736 nihil
351 1676 399 1738 sit.
455 1680 545 1756 Qnee
585 1676 690 1738 omnis
732 1676 874 1758 Magistri
915 1675 1016 1738 nostri
1058 1675 1191 1758 scripse·

68 1781 138 1832 runt
162 1773 197 1833 in
229 1791 341 1836 unum.
356 1776 521 1850 volumen,
561 1785 593 1838 et
629 1778 736 1840 volunt
774 1797 847 1841 eum
884 1774 1076 1838 conismdere
1110 1773 1191 1836 sicut

67 1867 278 1949 haereticum,
324 1875 404 1936 sicut
449 1875 593 1938 fecerunt
630 1875 742 1938 ioanni
789 1876 927 1938 Vessclis
974 1875 1009 1936 in
1054 1875 1192 1952 Mogon-

67 1968 115 2030 tiu.
154 1973 194 2032 Et
215 1973 242 2033 si
263 1975 331 2034 vult
349 1975 481 2036 multum
501 1977 666 2051 relstrerc,
688 1986 720 2037 et
737 1975 907 2038 invectim
925 1975 1060 2036 scribere
1081 1985 1193 2054 contm

68 2089 130 2144 eos,
161 2081 236 2132 tnnc
267 2073 378 2134 volunt
403 2087 565 2156 expectere
584 2095 681 2156 nsque
706 2085 776 2157 post
796 2085 927 2136 mortem
947 2074 1028 2154 ejus,
1062 2082 1094 2146 et
1112 2083 1190 2134 tunc

65 2170 172 2232 volunt
192 2171 397 2233 condemnare
425 2193 532 2234 omnes
559 2175 655 2235 libros
675 2173 751 2255 ejus.
811 2175 872 2236 lile
897 2186 942 2234 est
966 2172 1028 2253 jem
1056 2173 1192 2252 practico

69 2271 148 2348 epnd
169 2271 332 2351 Magistros
351 2281 482 2335 nostros.
545 2274 586 2335 Et
610 2274 684 2354 quia
703 2273 794 2334 etism
815 2272 949 2334 libenter
969 2269 1080 2332 ruditis
1098 2270 1192 2330 novi·

66 2375 138 2428 tetes
149 2411 159 2444 ,
190 2369 308 2430 debetis
327 2371 424 2439 scire,
457 2372 541 2449 quod
560 2374 682 2436 Fretres
700 2372 840 2436 Minores
862 2371 973 2432 debent
992 2370 1055 2452 jam
1076 2369 1192 2432 hebere

67 2466 248 2528 Generalcm
269 2469 306 2528 dc
328 2469 548 2547 Obseruantia,
583 2475 667 2553 qnod
686 2473 939 2555 impetraverunt
958 2469 1018 2552 ipsi
1040 2469 1074 2530 in
1096 2469 1193 2543 Curia
1301 2493 1306 2516 1

64 2585 119 2646 pro
137 2566 294 2627 sexdecim
315 2569 401 2632 mille
425 2571 550 2634 ducetis.
611 2575 652 2636 Et
671 2571 825 2636 Moniules
852 2571 891 2632 ud
911 2579 1047 2630 sanctem
1067 2569 1191 2630 Claram
1222 2621 1234 2632 .

65 2665 102 2725 dc
121 2666 244 2731 Ordine
263 2669 425 2731 Minorem
444 2671 537 2732 valde
557 2669 687 2741 timent,
727 2693 769 2734 ne
788 2651 1018 2744 reiormentur,
1057 2679 1091 2732 et
1103 2669 1193 2749 quic·

65 2765 139 2845 quiri
159 2765 295 2842 hebent,
321 2767 381 2830 boc
400 2769 510 2852 fugent
528 2771 563 2832 in
583 2771 766 2846 Civitatem,
804 2780 836 2832 et
855 2770 956 2851 jacent
974 2768 1192 2842 miserabiliter

63 2864 97 2924 in
115 2866 302 2927 acuminibus
316 2864 357 2948 *).
419 2869 528 2952 Aliqui
547 2870 672 2948 dicunt,
703 2871 787 2952 quod
808 2873 927 2932 Ductor
945 2871 1080 2938 Murner
1099 2869 1192 2932 hebet

63 2983 128 3024 rem
149 2985 221 3026 cnm
241 2965 331 3046 ipsis:
363 2969 418 3029 sed
438 2969 498 3032 boc
520 2989 584 3032 non
606 2983 651 3032 eet
670 2991 798 3045 verum,
837 2968 911 3051 quie
928 2968 995 3052 ipse
1016 2980 1062 3033 est
1080 2970 1192 3032 Eunu·

63 3063 139 3124 chus
160 3075 316 3144 cmtretns.
377 3068 439 3130 Sed
461 3069 500 3130 de
521 3070 590 3147 eliis
606 3070 792 3152 Religionis,
825 3089 882 3152 ego
903 3089 966 3130 non
987 3070 1070 3131 bene,
1086 3068 1191 3144 credo,

63 3164 186 3244 quando
207 3165 252 3226 sic
272 3180 402 3228 currunt
416 3168 456 3228 sd
478 3189 537 3230 ess.
576 3171 631 3232 Eet
651 3181 791 3232 mortuus
809 3169 844 3230 in
864 3168 988 3232 civitate
1008 3189 1088 3230 nnus
1107 3169 1191 3230 cm-

61 3263 194 3334 tisenus,
215 3263 270 3344 qui
289 3265 398 3328 hebuit
412 3267 503 3328 etiem
524 3269 672 3330 beneficia
686 3269 830 3352 pinguia,
853 3278 883 3329 et
901 3270 1024 3339 Poene,
1045 3267 1100 3348 qui
1120 3274 1192 3340 sunt
1273 3294 1282 3315 κ

61 3361 124 3436 ibi,
144 3363 267 3434 iaciunt
286 3367 384 3427 multa
398 3379 496 3429 metra
515 3380 621 3432 contre
640 3370 741 3431 illum.
801 3368 887 3432 Alius
906 3366 989 3428 nibil
1007 3365 1088 3438 scio,
1118 3363 1191 3438 nisi,

62 3462 146 3542 quod
166 3465 322 3531 Dominus
340 3476 403 3526 tam
425 3467 481 3529 din
493 3480 595 3530 tenent
615 3489 671 3531 vos
691 3489 818 3543 senum,
847 3485 939 3545 quem
960 3464 1016 3526 diu
1036 3483 1118 3526 unus
1137 3483 1192 3524 su-
1257 3475 1260 3488 '

61 3563 219 3646 percurrit
232 3583 331 3627 unum
343 3585 459 3630 cenem.
480 3569 598 3633 valete.
615 3570 666 3632 Ex
679 3572 860 3654 Argentine.

125 3880 151 3946 ')
170 3880 265 3950 thsl·
281 3851 329 3937 tiss
344 3885 485 3942 Werklein
502 3891 550 3944 des
565 3889 766 3960 Hernusgebers
782 3885 931 3955 „Charites
943 3882 1121 3946 Pirisissimer‚
1134 3879 1193 3934 thre

61 3963 232 4020 Seleucensem
246 3987 274 4028 u.
287 3971 439 4026 Niebten·“
473 3977 592 4044 (Niirub.
607 3977 653 4030 bei
669 3978 713 4028 Fr.
729 3977 838 4041 compe,
853 3969 950 4038 1826),
969 3985 1021 4022 wss
1036 3966 1081 4018 die
1093 3965 1193 4018 Refor-

61 4049 239 4200 218αὲἰίἶὲἓῖ
251 4055 290 4106 St.
303 4055 531 4114 (lieren-ordene
543 4061 598 4114 und
613 4059 717 4114 allerlei
737 4057 818 4113 dsbci
830 4054 1014 4128 rongefellene
1027 4049 1193 4106 Unordnun-
