<?xml version="1.0" encoding="UTF-8"?>
<!DOCTYPE html PUBLIC "-//W3C//DTD XHTML 1.0 Transitional//EN"
    "http://www.w3.org/TR/xhtml1/DTD/xhtml1-transitional.dtd">
<html xmlns="http://www.w3.org/1999/xhtml" xml:lang="en" lang="en">
 <head>
  <title>
</title>
<meta http-equiv="Content-Type" content="text/html;charset=utf-8" />
  <meta name='ocr-system' content='tesseract 3.04.00' />
  <meta name='ocr-capabilities' content='ocr_page ocr_carea ocr_par ocr_line ocrx_word'/>
</head>
<body>
  <div class='ocr_page' id='page_1' title='image "./ulrichiabhutten04mngoog_0244.png"; bbox 0 0 2896 4716; ppageno 0'>
   <div class='ocr_carea' id='block_1_1' title="bbox 197 305 960 380">
    <p class='ocr_par' dir='ltr' id='par_1_1' title="bbox 197 305 960 380">
     <span class='ocr_line' id='line_1_1' title="bbox 197 305 960 380; baseline 0.009 -16"><span class='ocrx_word' id='word_1_1' title='bbox 197 309 262 375; x_wconf 84' lang='lat'><strong>230</strong></span> <span class='ocrx_word' id='word_1_2' title='bbox 481 371 482 380; x_wconf 10' lang='grc' dir='ltr'>χ</span> <span class='ocrx_word' id='word_1_3' title='bbox 557 305 960 373; x_wconf 71' lang='lat' dir='ltr'><strong>ntlsuontn</strong></span> 
     </span>
    </p>
   </div>
   <div class='ocr_carea' id='block_1_2' title="bbox 118 435 1431 649">
    <p class='ocr_par' dir='ltr' id='par_1_2' title="bbox 118 435 1431 649">
     <span class='ocr_line' id='line_1_2' title="bbox 201 435 1431 548; baseline -0.005 -18"><span class='ocrx_word' id='word_1_4' title='bbox 201 479 276 530; x_wconf 87' lang='lat' dir='ltr'><strong>tuno</strong></span> <span class='ocrx_word' id='word_1_5' title='bbox 297 465 387 533; x_wconf 82' lang='lat' dir='ltr'><strong>etism</strong></span> <span class='ocrx_word' id='word_1_6' title='bbox 415 481 554 548; x_wconf 84' lang='lat' dir='ltr'><strong>magnam</strong></span> <span class='ocrx_word' id='word_1_7' title='bbox 574 463 765 546; x_wconf 70' lang='lat' dir='ltr'><strong>diligentiam</strong></span> <span class='ocrx_word' id='word_1_8' title='bbox 787 463 854 544; x_wconf 89' lang='lat' dir='ltr'><strong>lpse</strong></span> <span class='ocrx_word' id='word_1_9' title='bbox 873 463 1069 526; x_wconf 77' lang='lat' dir='ltr'><strong>Pfefferltom</strong></span> <span class='ocrx_word' id='word_1_10' title='bbox 1095 459 1129 524; x_wconf 87' lang='lat' dir='ltr'><strong>in</strong></span> <span class='ocrx_word' id='word_1_11' title='bbox 1157 462 1239 526; x_wconf 85' lang='lat' dir='ltr'><strong>dicto</strong></span> <span class='ocrx_word' id='word_1_12' title='bbox 1268 484 1333 526; x_wconf 82' lang='lat' dir='ltr'><strong>ne-</strong></span> <span class='ocrx_word' id='word_1_13' title='bbox 1430 435 1431 480; x_wconf 46' lang='lat' dir='ltr'><strong>i</strong></span> 
     </span>
     <span class='ocr_line' id='line_1_3' title="bbox 118 561 1333 649; baseline 0 -25"><span class='ocrx_word' id='word_1_14' title='bbox 118 613 121 624; x_wconf 93' lang='lat'>.</span> <span class='ocrx_word' id='word_1_15' title='bbox 200 567 305 649; x_wconf 81' lang='lat' dir='ltr'><strong>getici</strong></span> <span class='ocrx_word' id='word_1_16' title='bbox 345 564 441 640; x_wconf 79' lang='lat' dir='ltr'><strong>Dixi,</strong></span> <span class='ocrx_word' id='word_1_17' title='bbox 468 561 556 625; x_wconf 87' lang='lat' dir='ltr'><strong>velut</strong></span> <span class='ocrx_word' id='word_1_18' title='bbox 575 563 737 644; x_wconf 78' lang='lat' dir='ltr'><strong>scripsistis</strong></span> <span class='ocrx_word' id='word_1_19' title='bbox 759 562 857 638; x_wconf 88' lang='lat' dir='ltr'><strong>mihi,</strong></span> <span class='ocrx_word' id='word_1_20' title='bbox 887 564 971 644; x_wconf 84' lang='lat' dir='ltr'><strong>quod</strong></span> <span class='ocrx_word' id='word_1_21' title='bbox 989 563 1050 640; x_wconf 88' lang='lat' dir='ltr'><strong>sie,</strong></span> <span class='ocrx_word' id='word_1_22' title='bbox 1081 565 1154 643; x_wconf 84' lang='lat' dir='ltr'><strong>quia</strong></span> <span class='ocrx_word' id='word_1_23' title='bbox 1171 564 1240 624; x_wconf 87' lang='lat' dir='ltr'><strong>sina</strong></span> <span class='ocrx_word' id='word_1_24' title='bbox 1259 585 1333 624; x_wconf 91' lang='lat' dir='ltr'><strong>mo-</strong></span> 
     </span>
    </p>
   </div>
   <div class='ocr_carea' id='block_1_3' title="bbox 199 653 1431 745">
    <p class='ocr_par' dir='ltr' id='par_1_3' title="bbox 199 653 1431 745">
     <span class='ocr_line' id='line_1_4' title="bbox 199 653 1431 745; baseline -0.002 -19"><span class='ocrx_word' id='word_1_25' title='bbox 199 665 288 726; x_wconf 85' lang='lat' dir='ltr'><strong>lestia</strong></span> <span class='ocrx_word' id='word_1_26' title='bbox 310 662 487 728; x_wconf 79' lang='lat' dir='ltr'><strong>circumivit</strong></span> <span class='ocrx_word' id='word_1_27' title='bbox 513 683 570 745; x_wconf 91' lang='lat' dir='ltr'><strong>per</strong></span> <span class='ocrx_word' id='word_1_28' title='bbox 590 672 685 724; x_wconf 86' lang='lat' dir='ltr'><strong>totern</strong></span> <span class='ocrx_word' id='word_1_29' title='bbox 707 662 899 738; x_wconf 82' lang='lat' dir='ltr'><strong>Almaniam,</strong></span> <span class='ocrx_word' id='word_1_30' title='bbox 932 661 1071 742; x_wconf 74' lang='lat' dir='ltr'><strong>quamvis</strong></span> <span class='ocrx_word' id='word_1_31' title='bbox 1091 682 1150 742; x_wconf 88' lang='lat' dir='ltr'><strong>pro</strong></span> <span class='ocrx_word' id='word_1_32' title='bbox 1170 672 1245 722; x_wconf 89' lang='lat' dir='ltr'><strong>tuuc</strong></span> <span class='ocrx_word' id='word_1_33' title='bbox 1264 663 1334 724; x_wconf 82' lang='lat' dir='ltr'><strong>fnit</strong></span> <span class='ocrx_word' id='word_1_34' title='bbox 1430 653 1431 684; x_wconf 69' lang='lat'><em>³</em></span> 
     </span>
    </p>
   </div>
   <div class='ocr_carea' id='block_1_4' title="bbox 140 761 1334 942">
    <p class='ocr_par' dir='ltr' id='par_1_4' title="bbox 140 761 1334 942">
     <span class='ocr_line' id='line_1_5' title="bbox 140 761 1334 836; baseline -0.002 -14"><span class='ocrx_word' id='word_1_35' title='bbox 140 772 144 782; x_wconf 74' lang='grc'><strong>“</strong></span> <span class='ocrx_word' id='word_1_36' title='bbox 200 765 230 822; x_wconf 90' lang='lat' dir='ltr'><strong>ei</strong></span> <span class='ocrx_word' id='word_1_37' title='bbox 249 763 490 836; x_wconf 84' lang='lat' dir='ltr'><strong>inconveniens,</strong></span> <span class='ocrx_word' id='word_1_38' title='bbox 525 781 595 822; x_wconf 87' lang='lat' dir='ltr'><strong>cum</strong></span> <span class='ocrx_word' id='word_1_39' title='bbox 624 781 755 821; x_wconf 81' lang='lat' dir='ltr'><strong>uxorem</strong></span> <span class='ocrx_word' id='word_1_40' title='bbox 782 774 813 820; x_wconf 92' lang='lat' dir='ltr'><strong>et</strong></span> <span class='ocrx_word' id='word_1_41' title='bbox 833 763 929 823; x_wconf 88' lang='lat' dir='ltr'><strong>libros</strong></span> <span class='ocrx_word' id='word_1_42' title='bbox 949 781 1020 822; x_wconf 88' lang='lat' dir='ltr'><strong>suos</strong></span> <span class='ocrx_word' id='word_1_43' title='bbox 1040 761 1171 821; x_wconf 85' lang='lat' dir='ltr'><strong>educare</strong></span> <span class='ocrx_word' id='word_1_44' title='bbox 1192 771 1222 820; x_wconf 90' lang='lat' dir='ltr'><strong>et</strong></span> <span class='ocrx_word' id='word_1_45' title='bbox 1242 762 1334 822; x_wconf 84' lang='lat' dir='ltr'><strong>alere</strong></span> 
     </span>
     <span class='ocr_line' id='line_1_6' title="bbox 157 859 1334 942; baseline -0.002 -22"><span class='ocrx_word' id='word_1_46' title='bbox 157 913 159 920; x_wconf 81' lang='grc'>,</span> <span class='ocrx_word' id='word_1_47' title='bbox 200 863 402 936; x_wconf 82' lang='lat' dir='ltr'><strong>conveniret,</strong></span> <span class='ocrx_word' id='word_1_48' title='bbox 423 881 499 942; x_wconf 81' lang='lat' dir='ltr'><strong>quos</strong></span> <span class='ocrx_word' id='word_1_49' title='bbox 519 860 701 941; x_wconf 81' lang='lat' dir='ltr'><strong>dereliquit,</strong></span> <span class='ocrx_word' id='word_1_50' title='bbox 723 859 863 941; x_wconf 84' lang='lat' dir='ltr'><strong>quumvis</strong></span> <span class='ocrx_word' id='word_1_51' title='bbox 884 861 919 920; x_wconf 90' lang='lat' dir='ltr'><strong>in</strong></span> <span class='ocrx_word' id='word_1_52' title='bbox 941 861 1077 920; x_wconf 86' lang='lat' dir='ltr'><strong>absentia</strong></span> <span class='ocrx_word' id='word_1_53' title='bbox 1096 880 1152 919; x_wconf 86' lang='lat' dir='ltr'><strong>sua</strong></span> <span class='ocrx_word' id='word_1_54' title='bbox 1172 859 1334 940; x_wconf 74' lang='lat' dir='ltr'><strong>Theologi</strong></span> 
     </span>
    </p>
   </div>
   <div class='ocr_carea' id='block_1_5' title="bbox 76 957 1431 1039">
    <p class='ocr_par' dir='ltr' id='par_1_5' title="bbox 76 957 1431 1039">
     <span class='ocr_line' id='line_1_7' title="bbox 76 957 1431 1039; baseline -0.007 -16"><span class='ocrx_word' id='word_1_55' title='bbox 76 999 81 1008; x_wconf 91' lang='lat'><em>·</em></span> <span class='ocrx_word' id='word_1_56' title='bbox 174 963 338 1038; x_wconf 48' lang='lat' dir='ltr'><strong>¹fecerent</strong></span> <span class='ocrx_word' id='word_1_57' title='bbox 361 960 459 1021; x_wconf 85' lang='lat' dir='ltr'><strong>multa</strong></span> <span class='ocrx_word' id='word_1_58' title='bbox 480 961 561 1019; x_wconf 86' lang='lat' dir='ltr'><strong>bona</strong></span> <span class='ocrx_word' id='word_1_59' title='bbox 578 958 672 1019; x_wconf 80' lang='lat' dir='ltr'><strong>uxori</strong></span> <span class='ocrx_word' id='word_1_60' title='bbox 693 958 758 1039; x_wconf 86' lang='lat' dir='ltr'><strong>ejus</strong></span> <span class='ocrx_word' id='word_1_61' title='bbox 764 1001 773 1034; x_wconf 88' lang='lat'><em>,</em></span> <span class='ocrx_word' id='word_1_62' title='bbox 800 959 991 1026; x_wconf 78' lang='lat' dir='ltr'><strong>consolanter</strong></span> <span class='ocrx_word' id='word_1_63' title='bbox 1011 979 1076 1018; x_wconf 83' lang='lat' dir='ltr'><strong>eam</strong></span> <span class='ocrx_word' id='word_1_64' title='bbox 1083 1000 1093 1032; x_wconf 89' lang='lat'><em>,</em></span> <span class='ocrx_word' id='word_1_65' title='bbox 1116 958 1188 1038; x_wconf 82' lang='lat' dir='ltr'><strong>quia</strong></span> <span class='ocrx_word' id='word_1_66' title='bbox 1208 957 1333 1035; x_wconf 84' lang='lat' dir='ltr'><strong>vident,</strong></span> <span class='ocrx_word' id='word_1_67' title='bbox 1430 983 1431 1030; x_wconf 53' lang='lat' dir='ltr'><strong>v</strong></span> 
     </span>
    </p>
   </div>
   <div class='ocr_carea' id='block_1_6' title="bbox 198 1049 1431 1145">
    <p class='ocr_par' dir='ltr' id='par_1_6' title="bbox 198 1049 1431 1145">
     <span class='ocr_line' id='line_1_8' title="bbox 198 1049 1431 1145; baseline -0.006 -25"><span class='ocrx_word' id='word_1_68' title='bbox 198 1061 281 1140; x_wconf 90' lang='lat' dir='ltr'><strong>quod</strong></span> <span class='ocrx_word' id='word_1_69' title='bbox 301 1059 352 1120; x_wconf 86' lang='lat' dir='ltr'><strong>vir</strong></span> <span class='ocrx_word' id='word_1_70' title='bbox 371 1058 436 1139; x_wconf 86' lang='lat' dir='ltr'><strong>ejus</strong></span> <span class='ocrx_word' id='word_1_71' title='bbox 463 1067 516 1117; x_wconf 82' lang='lat' dir='ltr'><strong>est</strong></span> <span class='ocrx_word' id='word_1_72' title='bbox 535 1068 699 1137; x_wconf 85' lang='lat' dir='ltr'><strong>occupatus</strong></span> <span class='ocrx_word' id='word_1_73' title='bbox 719 1059 753 1118; x_wconf 89' lang='lat' dir='ltr'><strong>in</strong></span> <span class='ocrx_word' id='word_1_74' title='bbox 780 1077 870 1118; x_wconf 87' lang='lat' dir='ltr'><strong>causa</strong></span> <span class='ocrx_word' id='word_1_75' title='bbox 892 1057 976 1118; x_wconf 83' lang='lat' dir='ltr'><strong>fidei.</strong></span> <span class='ocrx_word' id='word_1_76' title='bbox 1037 1058 1139 1145; x_wconf 81' lang='lat' dir='ltr'><strong>Etiam</strong></span> <span class='ocrx_word' id='word_1_77' title='bbox 1160 1055 1332 1134; x_wconf 87' lang='lat' dir='ltr'><strong>aliquando</strong></span> <span class='ocrx_word' id='word_1_78' title='bbox 1430 1049 1431 1144; x_wconf 51' lang='lat' dir='ltr'><strong>i</strong></span> 
     </span>
    </p>
   </div>
   <div class='ocr_carea' id='block_1_7' title="bbox 197 1148 1431 1241">
    <p class='ocr_par' dir='ltr' id='par_1_7' title="bbox 197 1148 1431 1241">
     <span class='ocr_line' id='line_1_9' title="bbox 197 1148 1431 1241; baseline -0.003 -24"><span class='ocrx_word' id='word_1_79' title='bbox 197 1159 319 1241; x_wconf 76' lang='lat' dir='ltr'><strong>Fratres</strong></span> <span class='ocrx_word' id='word_1_80' title='bbox 339 1148 377 1216; x_wconf 86' lang='lat' dir='ltr'><strong>de</strong></span> <span class='ocrx_word' id='word_1_81' title='bbox 397 1156 587 1234; x_wconf 85' lang='lat' dir='ltr'><strong>Monasterio</strong></span> <span class='ocrx_word' id='word_1_82' title='bbox 607 1165 711 1216; x_wconf 72' lang='lat' dir='ltr'><strong>nosne</strong></span> <span class='ocrx_word' id='word_1_83' title='bbox 731 1157 880 1216; x_wconf 82' lang='lat' dir='ltr'><strong>accedunt</strong></span> <span class='ocrx_word' id='word_1_84' title='bbox 899 1175 982 1229; x_wconf 86' lang='lat' dir='ltr'><strong>eam,</strong></span> <span class='ocrx_word' id='word_1_85' title='bbox 1013 1155 1163 1216; x_wconf 85' lang='lat' dir='ltr'><strong>dicentes:</strong></span> <span class='ocrx_word' id='word_1_86' title='bbox 1195 1153 1332 1214; x_wconf 79' lang='lat' dir='ltr'><strong>Misere·</strong></span> <span class='ocrx_word' id='word_1_87' title='bbox 1430 1149 1431 1228; x_wconf 69' lang='lat' dir='ltr'>j</span> 
     </span>
    </p>
   </div>
   <div class='ocr_carea' id='block_1_8' title="bbox 197 1251 1333 1335">
    <p class='ocr_par' dir='ltr' id='par_1_8' title="bbox 197 1251 1333 1335">
     <span class='ocr_line' id='line_1_10' title="bbox 197 1251 1333 1335; baseline -0.004 -19"><span class='ocrx_word' id='word_1_88' title='bbox 197 1277 270 1318; x_wconf 84' lang='lat' dir='ltr'><strong>mur</strong></span> <span class='ocrx_word' id='word_1_89' title='bbox 290 1255 402 1331; x_wconf 88' lang='lat' dir='ltr'><strong>vestri,</strong></span> <span class='ocrx_word' id='word_1_90' title='bbox 439 1255 524 1334; x_wconf 85' lang='lat' dir='ltr'><strong>quod</strong></span> <span class='ocrx_word' id='word_1_91' title='bbox 552 1255 623 1314; x_wconf 86' lang='lat' dir='ltr'><strong>estis</strong></span> <span class='ocrx_word' id='word_1_92' title='bbox 651 1254 695 1314; x_wconf 89' lang='lat' dir='ltr'><strong>sic</strong></span> <span class='ocrx_word' id='word_1_93' title='bbox 717 1256 800 1332; x_wconf 77' lang='lat' dir='ltr'><strong>sola3</strong></span> <span class='ocrx_word' id='word_1_94' title='bbox 840 1264 872 1315; x_wconf 84' lang='lat' dir='ltr'><strong>et</strong></span> <span class='ocrx_word' id='word_1_95' title='bbox 889 1253 958 1335; x_wconf 81' lang='lat' dir='ltr'><strong>ipsa</strong></span> <span class='ocrx_word' id='word_1_96' title='bbox 979 1253 1153 1334; x_wconf 87' lang='lat' dir='ltr'><strong>respondit:</strong></span> <span class='ocrx_word' id='word_1_97' title='bbox 1187 1251 1333 1312; x_wconf 81' lang='lat' dir='ltr'><strong>Veniatia</strong></span> 
     </span>
    </p>
   </div>
   <div class='ocr_carea' id='block_1_9' title="bbox 193 1349 1431 1444">
    <p class='ocr_par' dir='ltr' id='par_1_9' title="bbox 193 1349 1431 1444">
     <span class='ocr_line' id='line_1_11' title="bbox 193 1349 1431 1444; baseline -0.006 -29"><span class='ocrx_word' id='word_1_98' title='bbox 193 1353 363 1434; x_wconf 84' lang='lat' dir='ltr'><strong>aliquando</strong></span> <span class='ocrx_word' id='word_1_99' title='bbox 386 1353 544 1415; x_wconf 79' lang='lat' dir='ltr'><strong>visitantes</strong></span> <span class='ocrx_word' id='word_1_100' title='bbox 562 1373 627 1428; x_wconf 86' lang='lat' dir='ltr'><strong>mo,</strong></span> <span class='ocrx_word' id='word_1_101' title='bbox 655 1354 728 1433; x_wconf 85' lang='lat' dir='ltr'><strong>quia</strong></span> <span class='ocrx_word' id='word_1_102' title='bbox 747 1374 814 1414; x_wconf 88' lang='lat' dir='ltr'><strong>sum</strong></span> <span class='ocrx_word' id='word_1_103' title='bbox 838 1352 926 1444; x_wconf 79' lang='lat' dir='ltr'><strong>qnasi</strong></span> <span class='ocrx_word' id='word_1_104' title='bbox 947 1351 1057 1425; x_wconf 81' lang='lat' dir='ltr'><strong>vidua,</strong></span> <span class='ocrx_word' id='word_1_105' title='bbox 1095 1360 1127 1411; x_wconf 90' lang='lat' dir='ltr'><strong>et</strong></span> <span class='ocrx_word' id='word_1_106' title='bbox 1148 1349 1225 1410; x_wconf 86' lang='lat' dir='ltr'><strong>detis</strong></span> <span class='ocrx_word' id='word_1_107' title='bbox 1247 1349 1332 1410; x_wconf 87' lang='lat' dir='ltr'><strong>mihi</strong></span> <span class='ocrx_word' id='word_1_108' title='bbox 1368 1393 1370 1400; x_wconf 46' lang='lat'>&gt;</span> <span class='ocrx_word' id='word_1_109' title='bbox 1430 1357 1431 1360; x_wconf 76' lang='grc'>’</span> 
     </span>
    </p>
   </div>
   <div class='ocr_carea' id='block_1_10' title="bbox 173 1448 1331 2218">
    <p class='ocr_par' dir='ltr' id='par_1_10' title="bbox 173 1448 1331 2218">
     <span class='ocr_line' id='line_1_12' title="bbox 173 1448 1331 1538; baseline -0.007 -24"><span class='ocrx_word' id='word_1_110' title='bbox 173 1496 174 1501; x_wconf 38' lang='lat'>1</span> <span class='ocrx_word' id='word_1_111' title='bbox 196 1452 420 1514; x_wconf 80' lang='lat' dir='ltr'><strong>consolationes</strong></span> <span class='ocrx_word' id='word_1_112' title='bbox 441 1463 565 1514; x_wconf 84' lang='lat' dir='ltr'><strong>vestras.</strong></span> <span class='ocrx_word' id='word_1_113' title='bbox 626 1452 770 1513; x_wconf 81' lang='lat' dir='ltr'><strong>Attamen</strong></span> <span class='ocrx_word' id='word_1_114' title='bbox 791 1452 957 1512; x_wconf 86' lang='lat' dir='ltr'><strong>modernus</strong></span> <span class='ocrx_word' id='word_1_115' title='bbox 975 1448 1146 1538; x_wconf 78' lang='lat' dir='ltr'><strong>Episcopus</strong></span> <span class='ocrx_word' id='word_1_116' title='bbox 1166 1448 1331 1530; x_wconf 80' lang='lat' dir='ltr'><strong>Maganti-</strong></span> 
     </span>
     <span class='ocr_line' id='line_1_13' title="bbox 195 1547 1330 1628; baseline -0.004 -17"><span class='ocrx_word' id='word_1_117' title='bbox 195 1553 299 1612; x_wconf 83' lang='lat' dir='ltr'><strong>nensis</strong></span> <span class='ocrx_word' id='word_1_118' title='bbox 319 1570 383 1610; x_wconf 90' lang='lat' dir='ltr'><strong>non</strong></span> <span class='ocrx_word' id='word_1_119' title='bbox 405 1551 490 1611; x_wconf 85' lang='lat' dir='ltr'><strong>favet</strong></span> <span class='ocrx_word' id='word_1_120' title='bbox 517 1549 628 1612; x_wconf 76' lang='lat' dir='ltr'><strong>ioanni</strong></span> <span class='ocrx_word' id='word_1_121' title='bbox 654 1550 853 1612; x_wconf 85' lang='lat' dir='ltr'><strong>Pfcfferkorn</strong></span> <span class='ocrx_word' id='word_1_122' title='bbox 883 1559 913 1609; x_wconf 90' lang='lat' dir='ltr'><strong>et</strong></span> <span class='ocrx_word' id='word_1_123' title='bbox 939 1547 1000 1609; x_wconf 85' lang='lat' dir='ltr'><strong>hoc</strong></span> <span class='ocrx_word' id='word_1_124' title='bbox 1030 1556 1212 1628; x_wconf 85' lang='lat' dir='ltr'><strong>propterea,</strong></span> <span class='ocrx_word' id='word_1_125' title='bbox 1254 1547 1330 1628; x_wconf 83' lang='lat' dir='ltr'><strong>quia</strong></span> 
     </span>
     <span class='ocr_line' id='line_1_14' title="bbox 194 1643 1328 1728; baseline -0.006 -18"><span class='ocrx_word' id='word_1_126' title='bbox 194 1651 287 1710; x_wconf 86' lang='lat' dir='ltr'><strong>habet</strong></span> <span class='ocrx_word' id='word_1_127' title='bbox 315 1643 433 1728; x_wconf 87' lang='lat' dir='ltr'><strong>aliquos</strong></span> <span class='ocrx_word' id='word_1_128' title='bbox 461 1648 680 1721; x_wconf 77' lang='lat' dir='ltr'><strong>consiliarios,</strong></span> <span class='ocrx_word' id='word_1_129' title='bbox 722 1649 776 1728; x_wconf 88' lang='lat' dir='ltr'><strong>qui</strong></span> <span class='ocrx_word' id='word_1_130' title='bbox 805 1648 938 1708; x_wconf 86' lang='lat' dir='ltr'><strong>multum</strong></span> <span class='ocrx_word' id='word_1_131' title='bbox 964 1655 1150 1726; x_wconf 86' lang='lat' dir='ltr'><strong>promovent</strong></span> <span class='ocrx_word' id='word_1_132' title='bbox 1176 1647 1328 1706; x_wconf 83' lang='lat' dir='ltr'><strong>Ioannem</strong></span> 
     </span>
     <span class='ocr_line' id='line_1_15' title="bbox 194 1743 1329 1826; baseline -0.004 -18"><span class='ocrx_word' id='word_1_133' title='bbox 194 1747 367 1820; x_wconf 80' lang='lat' dir='ltr'><strong>Rcuchlin,</strong></span> <span class='ocrx_word' id='word_1_134' title='bbox 403 1755 434 1806; x_wconf 87' lang='lat' dir='ltr'><strong>et</strong></span> <span class='ocrx_word' id='word_1_135' title='bbox 461 1747 560 1806; x_wconf 89' lang='lat' dir='ltr'><strong>odunt</strong></span> <span class='ocrx_word' id='word_1_136' title='bbox 586 1747 768 1826; x_wconf 78' lang='lat' dir='ltr'><strong>&#39;Pheologos</strong></span> <span class='ocrx_word' id='word_1_137' title='bbox 828 1745 930 1806; x_wconf 87' lang='lat' dir='ltr'><strong>Etiam</strong></span> <span class='ocrx_word' id='word_1_138' title='bbox 950 1744 1048 1804; x_wconf 88' lang='lat' dir='ltr'><strong>dictus</strong></span> <span class='ocrx_word' id='word_1_139' title='bbox 1071 1743 1240 1824; x_wconf 81' lang='lat' dir='ltr'><strong>Episcopus</strong></span> <span class='ocrx_word' id='word_1_140' title='bbox 1261 1763 1329 1820; x_wconf 86' lang='lat' dir='ltr'><strong>non</strong></span> 
     </span>
     <span class='ocr_line' id='line_1_16' title="bbox 194 1842 1329 1923; baseline -0.007 -15"><span class='ocrx_word' id='word_1_141' title='bbox 194 1846 296 1908; x_wconf 84' lang='lat' dir='ltr'><strong>voluit</strong></span> <span class='ocrx_word' id='word_1_142' title='bbox 316 1845 476 1904; x_wconf 78' lang='lat' dir='ltr'><strong>admittere</strong></span> <span class='ocrx_word' id='word_1_143' title='bbox 494 1846 642 1905; x_wconf 83' lang='lat' dir='ltr'><strong>Ioannem</strong></span> <span class='ocrx_word' id='word_1_144' title='bbox 662 1844 877 1917; x_wconf 87' lang='lat' dir='ltr'><strong>Pfefferkorn,</strong></span> <span class='ocrx_word' id='word_1_145' title='bbox 911 1843 1034 1923; x_wconf 85' lang='lat' dir='ltr'><strong>quando</strong></span> <span class='ocrx_word' id='word_1_146' title='bbox 1063 1843 1165 1903; x_wconf 87' lang='lat' dir='ltr'><strong>voluit</strong></span> <span class='ocrx_word' id='word_1_147' title='bbox 1185 1842 1215 1900; x_wconf 92' lang='lat' dir='ltr'><strong>ei</strong></span> <span class='ocrx_word' id='word_1_148' title='bbox 1234 1861 1329 1922; x_wconf 87' lang='lat' dir='ltr'><strong>prac-</strong></span> 
     </span>
     <span class='ocr_line' id='line_1_17' title="bbox 194 1939 1329 2016; baseline -0.003 -13"><span class='ocrx_word' id='word_1_149' title='bbox 194 1953 316 2004; x_wconf 82' lang='lat' dir='ltr'><strong>scntare</strong></span> <span class='ocrx_word' id='word_1_150' title='bbox 341 1962 428 2002; x_wconf 86' lang='lat' dir='ltr'><strong>suam</strong></span> <span class='ocrx_word' id='word_1_151' title='bbox 453 1942 666 2002; x_wconf 85' lang='lat' dir='ltr'><strong>defensionem</strong></span> <span class='ocrx_word' id='word_1_152' title='bbox 697 1952 803 2000; x_wconf 89' lang='lat' dir='ltr'><strong>contra</strong></span> <span class='ocrx_word' id='word_1_153' title='bbox 825 1944 976 2016; x_wconf 84' lang='lat' dir='ltr'><strong>famosas,</strong></span> <span class='ocrx_word' id='word_1_154' title='bbox 1016 1941 1096 2001; x_wconf 90' lang='lat' dir='ltr'><strong>sieut</strong></span> <span class='ocrx_word' id='word_1_155' title='bbox 1121 1939 1265 2000; x_wconf 86' lang='lat' dir='ltr'><strong>intellexi</strong></span> <span class='ocrx_word' id='word_1_156' title='bbox 1286 1961 1329 2000; x_wconf 80' lang='lat' dir='ltr'><strong>cx</strong></span> 
     </span>
     <span class='ocr_line' id='line_1_18' title="bbox 195 2039 1329 2121; baseline -0.001 -20"><span class='ocrx_word' id='word_1_157' title='bbox 195 2051 297 2102; x_wconf 85' lang='lat' dir='ltr'><strong>vestra</strong></span> <span class='ocrx_word' id='word_1_158' title='bbox 316 2040 415 2099; x_wconf 86' lang='lat' dir='ltr'><strong>litera.</strong></span> <span class='ocrx_word' id='word_1_159' title='bbox 463 2039 553 2099; x_wconf 83' lang='lat' dir='ltr'><strong>Talia</strong></span> <span class='ocrx_word' id='word_1_160' title='bbox 574 2039 650 2100; x_wconf 85' lang='lat' dir='ltr'><strong>dixi.</strong></span> <span class='ocrx_word' id='word_1_161' title='bbox 697 2041 787 2099; x_wconf 87' lang='lat' dir='ltr'><strong>Tunc</strong></span> <span class='ocrx_word' id='word_1_162' title='bbox 807 2040 967 2121; x_wconf 84' lang='lat' dir='ltr'><strong>respondit</strong></span> <span class='ocrx_word' id='word_1_163' title='bbox 989 2059 1086 2099; x_wconf 87' lang='lat' dir='ltr'><strong>unus:</strong></span> <span class='ocrx_word' id='word_1_164' title='bbox 1114 2039 1193 2116; x_wconf 86' lang='lat' dir='ltr'><strong>Quis</strong></span> <span class='ocrx_word' id='word_1_165' title='bbox 1214 2049 1260 2098; x_wconf 87' lang='lat' dir='ltr'><strong>est</strong></span> <span class='ocrx_word' id='word_1_166' title='bbox 1279 2047 1329 2100; x_wconf 75' lang='lat' dir='ltr'><strong>ta-</strong></span> 
     </span>
     <span class='ocr_line' id='line_1_19' title="bbox 195 2135 1329 2218; baseline -0.003 -18"><span class='ocrx_word' id='word_1_167' title='bbox 195 2159 267 2200; x_wconf 87' lang='lat' dir='ltr'><strong>men</strong></span> <span class='ocrx_word' id='word_1_168' title='bbox 288 2136 578 2198; x_wconf 84' lang='lat' dir='ltr'><strong>illePfefferkorn&#39;i</strong></span> <span class='ocrx_word' id='word_1_169' title='bbox 618 2139 791 2218; x_wconf 87' lang='lat' dir='ltr'><strong>Respondi,</strong></span> <span class='ocrx_word' id='word_1_170' title='bbox 824 2138 907 2218; x_wconf 89' lang='lat' dir='ltr'><strong>quod</strong></span> <span class='ocrx_word' id='word_1_171' title='bbox 934 2137 1010 2198; x_wconf 90' lang='lat' dir='ltr'><strong>olim</strong></span> <span class='ocrx_word' id='word_1_172' title='bbox 1031 2137 1093 2197; x_wconf 84' lang='lat' dir='ltr'><strong>fuit</strong></span> <span class='ocrx_word' id='word_1_173' title='bbox 1110 2135 1265 2210; x_wconf 81' lang='lat' dir='ltr'><strong>Iudaeus,</strong></span> <span class='ocrx_word' id='word_1_174' title='bbox 1297 2147 1329 2198; x_wconf 88' lang='lat' dir='ltr'><strong>et</strong></span> 
     </span>
    </p>
   </div>
   <div class='ocr_carea' id='block_1_11' title="bbox 48 2222 1327 2319">
    <p class='ocr_par' dir='ltr' id='par_1_11' title="bbox 48 2222 1327 2319">
     <span class='ocr_line' id='line_1_20' title="bbox 48 2222 1327 2319; baseline -0.004 -22"><span class='ocrx_word' id='word_1_175' title='bbox 48 2306 53 2314; x_wconf 74' lang='lat'><em>,</em></span> <span class='ocrx_word' id='word_1_176' title='bbox 103 2307 104 2312; x_wconf 8' lang='grc' dir='ltr'>η</span> <span class='ocrx_word' id='word_1_177' title='bbox 144 2222 149 2232; x_wconf 57' lang='grc'><strong>“</strong></span> <span class='ocrx_word' id='word_1_178' title='bbox 194 2257 279 2297; x_wconf 88' lang='lat' dir='ltr'><strong>nunc</strong></span> <span class='ocrx_word' id='word_1_179' title='bbox 298 2245 342 2294; x_wconf 81' lang='lat' dir='ltr'><strong>eat</strong></span> <span class='ocrx_word' id='word_1_180' title='bbox 361 2235 495 2294; x_wconf 84' lang='lat' dir='ltr'><strong>feliciter</strong></span> <span class='ocrx_word' id='word_1_181' title='bbox 513 2235 548 2296; x_wconf 88' lang='lat' dir='ltr'><strong>in</strong></span> <span class='ocrx_word' id='word_1_182' title='bbox 569 2236 694 2296; x_wconf 86' lang='lat' dir='ltr'><strong>Christo</strong></span> <span class='ocrx_word' id='word_1_183' title='bbox 715 2238 895 2316; x_wconf 82' lang='lat' dir='ltr'><strong>baptizatus,</strong></span> <span class='ocrx_word' id='word_1_184' title='bbox 916 2246 950 2296; x_wconf 86' lang='lat' dir='ltr'><strong>et</strong></span> <span class='ocrx_word' id='word_1_185' title='bbox 966 2245 1010 2294; x_wconf 86' lang='lat' dir='ltr'><strong>est</strong></span> <span class='ocrx_word' id='word_1_186' title='bbox 1030 2235 1081 2319; x_wconf 75' lang='lat' dir='ltr'><strong>vir</strong></span> <span class='ocrx_word' id='word_1_187' title='bbox 1102 2235 1210 2314; x_wconf 87' lang='lat' dir='ltr'><strong>procul</strong></span> <span class='ocrx_word' id='word_1_188' title='bbox 1226 2234 1327 2294; x_wconf 88' lang='lat' dir='ltr'><strong>dubio</strong></span> 
     </span>
    </p>
   </div>
   <div class='ocr_carea' id='block_1_12' title="bbox 194 2329 1389 2900">
    <p class='ocr_par' dir='ltr' id='par_1_12' title="bbox 194 2329 1389 2900">
     <span class='ocr_line' id='line_1_21' title="bbox 194 2329 1328 2414; baseline -0.002 -20"><span class='ocrx_word' id='word_1_189' title='bbox 194 2335 429 2414; x_wconf 85' lang='lat' dir='ltr'><strong>integerrimus,</strong></span> <span class='ocrx_word' id='word_1_190' title='bbox 451 2343 482 2392; x_wconf 83' lang='lat' dir='ltr'><strong>et</strong></span> <span class='ocrx_word' id='word_1_191' title='bbox 502 2345 547 2394; x_wconf 85' lang='lat' dir='ltr'><strong>est</strong></span> <span class='ocrx_word' id='word_1_192' title='bbox 568 2329 711 2395; x_wconf 87' lang='lat' dir='ltr'><strong>detribu</strong></span> <span class='ocrx_word' id='word_1_193' title='bbox 733 2334 922 2414; x_wconf 87' lang='lat' dir='ltr'><strong>Nephtalim.</strong></span> <span class='ocrx_word' id='word_1_194' title='bbox 963 2333 1054 2403; x_wconf 81' lang='lat' dir='ltr'><strong>Dixit</strong></span> <span class='ocrx_word' id='word_1_195' title='bbox 1074 2333 1144 2392; x_wconf 84' lang='lat' dir='ltr'><strong>ille:</strong></span> <span class='ocrx_word' id='word_1_196' title='bbox 1165 2333 1250 2394; x_wconf 85' lang='lat' dir='ltr'><strong>Vere</strong></span> <span class='ocrx_word' id='word_1_197' title='bbox 1272 2333 1328 2393; x_wconf 83' lang='lat' dir='ltr'><strong>be-</strong></span> 
     </span>
     <span class='ocr_line' id='line_1_22' title="bbox 194 2425 1389 2514; baseline -0.001 -21"><span class='ocrx_word' id='word_1_198' title='bbox 194 2434 341 2504; x_wconf 82' lang='lat' dir='ltr'><strong>nedictio,</strong></span> <span class='ocrx_word' id='word_1_199' title='bbox 362 2451 441 2512; x_wconf 84' lang='lat' dir='ltr'><strong>quae</strong></span> <span class='ocrx_word' id='word_1_200' title='bbox 463 2432 532 2492; x_wconf 82' lang='lat' dir='ltr'><strong>data</strong></span> <span class='ocrx_word' id='word_1_201' title='bbox 555 2432 796 2512; x_wconf 87' lang='lat' dir='ltr'><strong>estNepthalim,</strong></span> <span class='ocrx_word' id='word_1_202' title='bbox 818 2433 969 2513; x_wconf 84' lang='lat' dir='ltr'><strong>completa</strong></span> <span class='ocrx_word' id='word_1_203' title='bbox 990 2431 1090 2492; x_wconf 88' lang='lat' dir='ltr'><strong>estin</strong></span> <span class='ocrx_word' id='word_1_204' title='bbox 1110 2431 1326 2514; x_wconf 80' lang='lat' dir='ltr'><strong>Ioanninef-</strong></span> <span class='ocrx_word' id='word_1_205' title='bbox 1383 2425 1389 2431; x_wconf 61' lang='grc'><strong>”</strong></span> 
     </span>
     <span class='ocr_line' id='line_1_23' title="bbox 194 2528 1325 2612; baseline -0.004 -19"><span class='ocrx_word' id='word_1_206' title='bbox 194 2534 335 2594; x_wconf 85' lang='lat' dir='ltr'><strong>ferkorn.</strong></span> <span class='ocrx_word' id='word_1_207' title='bbox 396 2531 479 2608; x_wconf 87' lang='lat' dir='ltr'><strong>Quia</strong></span> <span class='ocrx_word' id='word_1_208' title='bbox 498 2532 589 2592; x_wconf 79' lang='lat' dir='ltr'><strong>Jacob</strong></span> <span class='ocrx_word' id='word_1_209' title='bbox 613 2529 692 2590; x_wconf 83' lang='lat' dir='ltr'><strong>dixit</strong></span> <span class='ocrx_word' id='word_1_210' title='bbox 712 2529 778 2590; x_wconf 90' lang='lat' dir='ltr'><strong>filio</strong></span> <span class='ocrx_word' id='word_1_211' title='bbox 800 2551 872 2590; x_wconf 89' lang='lat' dir='ltr'><strong>suo:</strong></span> <span class='ocrx_word' id='word_1_212' title='bbox 898 2528 1114 2612; x_wconf 67' lang='lat' dir='ltr'><strong>‚5Nephtalim,</strong></span> <span class='ocrx_word' id='word_1_213' title='bbox 1134 2529 1325 2611; x_wconf 82' lang='lat' dir='ltr'><strong>Nephtnlim,</strong></span> 
     </span>
     <span class='ocr_line' id='line_1_24' title="bbox 196 2627 1326 2709; baseline -0.001 -19"><span class='ocrx_word' id='word_1_214' title='bbox 196 2651 305 2692; x_wconf 84' lang='lat' dir='ltr'><strong>cervus</strong></span> <span class='ocrx_word' id='word_1_215' title='bbox 328 2630 451 2689; x_wconf 85' lang='lat' dir='ltr'><strong>emissus</strong></span> <span class='ocrx_word' id='word_1_216' title='bbox 473 2627 547 2688; x_wconf 87' lang='lat' dir='ltr'><strong>dans</strong></span> <span class='ocrx_word' id='word_1_217' title='bbox 568 2628 691 2709; x_wconf 86' lang='lat' dir='ltr'><strong>eloquia</strong></span> <span class='ocrx_word' id='word_1_218' title='bbox 710 2629 939 2708; x_wconf 86' lang='lat' dir='ltr'><strong>pulcritudinis,</strong></span> <span class='ocrx_word' id='word_1_219' title='bbox 949 2633 969 2666; x_wconf 87' lang='lat'><strong>“</strong></span> <span class='ocrx_word' id='word_1_220' title='bbox 990 2630 1100 2690; x_wconf 83' lang='lat' dir='ltr'><strong>Genea.</strong></span> <span class='ocrx_word' id='word_1_221' title='bbox 1123 2629 1172 2709; x_wconf 82' lang='lat'><strong>59.</strong></span> <span class='ocrx_word' id='word_1_222' title='bbox 1235 2631 1326 2689; x_wconf 89' lang='lat' dir='ltr'><strong>Post-</strong></span> 
     </span>
     <span class='ocr_line' id='line_1_25' title="bbox 197 2726 1325 2808; baseline 0 -20"><span class='ocrx_word' id='word_1_223' title='bbox 197 2749 232 2788; x_wconf 88' lang='lat' dir='ltr'><strong>ea</strong></span> <span class='ocrx_word' id='word_1_224' title='bbox 254 2729 345 2788; x_wconf 87' lang='lat' dir='ltr'><strong>multi</strong></span> <span class='ocrx_word' id='word_1_225' title='bbox 365 2726 542 2799; x_wconf 82' lang='lat' dir='ltr'><strong>Licentiati,</strong></span> <span class='ocrx_word' id='word_1_226' title='bbox 566 2737 596 2786; x_wconf 87' lang='lat' dir='ltr'><strong>et</strong></span> <span class='ocrx_word' id='word_1_227' title='bbox 618 2726 671 2786; x_wconf 90' lang='lat' dir='ltr'><strong>alii</strong></span> <span class='ocrx_word' id='word_1_228' title='bbox 691 2727 860 2807; x_wconf 84' lang='lat' dir='ltr'><strong>Theologi,</strong></span> <span class='ocrx_word' id='word_1_229' title='bbox 881 2747 939 2808; x_wconf 93' lang='lat' dir='ltr'><strong>pcr</strong></span> <span class='ocrx_word' id='word_1_230' title='bbox 958 2737 1056 2788; x_wconf 89' lang='lat' dir='ltr'><strong>totum</strong></span> <span class='ocrx_word' id='word_1_231' title='bbox 1075 2728 1218 2808; x_wconf 83' lang='lat' dir='ltr'><strong>legerunt</strong></span> <span class='ocrx_word' id='word_1_232' title='bbox 1229 2727 1325 2788; x_wconf 86' lang='lat' dir='ltr'><strong>istum</strong></span> 
     </span>
     <span class='ocr_line' id='line_1_26' title="bbox 194 2823 1323 2900; baseline 0 -16"><span class='ocrx_word' id='word_1_233' title='bbox 194 2826 328 2899; x_wconf 88' lang='lat' dir='ltr'><strong>librum,</strong></span> <span class='ocrx_word' id='word_1_234' title='bbox 348 2827 386 2886; x_wconf 89' lang='lat' dir='ltr'><strong>de</strong></span> <span class='ocrx_word' id='word_1_235' title='bbox 407 2823 484 2884; x_wconf 90' lang='lat' dir='ltr'><strong>folio</strong></span> <span class='ocrx_word' id='word_1_236' title='bbox 506 2825 544 2883; x_wconf 91' lang='lat' dir='ltr'><strong>ad</strong></span> <span class='ocrx_word' id='word_1_237' title='bbox 566 2823 694 2894; x_wconf 82' lang='lat' dir='ltr'><strong>iulium,</strong></span> <span class='ocrx_word' id='word_1_238' title='bbox 717 2825 756 2884; x_wconf 89' lang='lat' dir='ltr'><strong>de</strong></span> <span class='ocrx_word' id='word_1_239' title='bbox 775 2827 870 2888; x_wconf 88' lang='lat' dir='ltr'><strong>verbo</strong></span> <span class='ocrx_word' id='word_1_240' title='bbox 892 2826 931 2900; x_wconf 84' lang='lat' dir='ltr'><strong>ad</strong></span> <span class='ocrx_word' id='word_1_241' title='bbox 952 2826 1099 2898; x_wconf 85' lang='lat' dir='ltr'><strong>verbum,</strong></span> <span class='ocrx_word' id='word_1_242' title='bbox 1133 2826 1172 2884; x_wconf 88' lang='lat' dir='ltr'><strong>de</strong></span> <span class='ocrx_word' id='word_1_243' title='bbox 1192 2826 1323 2888; x_wconf 76' lang='lat' dir='ltr'><strong>arficulo</strong></span> 
     </span>
    </p>
   </div>
   <div class='ocr_carea' id='block_1_13' title="bbox 98 2909 1431 3004">
    <p class='ocr_par' dir='ltr' id='par_1_13' title="bbox 98 2909 1431 3004">
     <span class='ocr_line' id='line_1_27' title="bbox 98 2909 1431 3004; baseline -0.001 -21"><span class='ocrx_word' id='word_1_244' title='bbox 98 2955 99 2960; x_wconf 16' lang='grc' dir='ltr'><strong>κ</strong></span> <span class='ocrx_word' id='word_1_245' title='bbox 195 2925 235 2983; x_wconf 88' lang='lat' dir='ltr'><strong>ad</strong></span> <span class='ocrx_word' id='word_1_246' title='bbox 257 2923 427 2983; x_wconf 73' lang='lat' dir='ltr'><strong>articulum.</strong></span> <span class='ocrx_word' id='word_1_247' title='bbox 469 2923 530 2981; x_wconf 86' lang='lat' dir='ltr'><strong>Sed</strong></span> <span class='ocrx_word' id='word_1_248' title='bbox 553 2933 599 2983; x_wconf 87' lang='lat' dir='ltr'><strong>est</strong></span> <span class='ocrx_word' id='word_1_249' title='bbox 619 2943 699 2984; x_wconf 87' lang='lat' dir='ltr'><strong>unus</strong></span> <span class='ocrx_word' id='word_1_250' title='bbox 721 2924 947 3004; x_wconf 67' lang='lat' dir='ltr'><strong>Supefiorism,</strong></span> <span class='ocrx_word' id='word_1_251' title='bbox 975 2924 1030 3004; x_wconf 89' lang='lat' dir='ltr'><strong>qui</strong></span> <span class='ocrx_word' id='word_1_252' title='bbox 1049 2924 1150 2984; x_wconf 89' lang='lat' dir='ltr'><strong>studet</strong></span> <span class='ocrx_word' id='word_1_253' title='bbox 1170 2923 1205 2984; x_wconf 88' lang='lat' dir='ltr'><strong>in</strong></span> <span class='ocrx_word' id='word_1_254' title='bbox 1225 2925 1325 2986; x_wconf 86' lang='lat' dir='ltr'><strong>Grae-</strong></span> <span class='ocrx_word' id='word_1_255' title='bbox 1430 2909 1431 2954; x_wconf 36' lang='grc' dir='ltr'><strong>ἶ</strong></span> 
     </span>
    </p>
   </div>
   <div class='ocr_carea' id='block_1_14' title="bbox 194 3019 1324 3399">
    <p class='ocr_par' dir='ltr' id='par_1_14' title="bbox 194 3019 1324 3399">
     <span class='ocr_line' id='line_1_28' title="bbox 196 3019 1324 3105; baseline 0.004 -26"><span class='ocrx_word' id='word_1_256' title='bbox 196 3034 252 3096; x_wconf 82' lang='lat' dir='ltr'><strong>co&#39;;</strong></span> <span class='ocrx_word' id='word_1_257' title='bbox 287 3021 353 3101; x_wconf 89' lang='lat' dir='ltr'><strong>ipse</strong></span> <span class='ocrx_word' id='word_1_258' title='bbox 374 3019 458 3080; x_wconf 87' lang='lat' dir='ltr'><strong>vadit</strong></span> <span class='ocrx_word' id='word_1_259' title='bbox 479 3020 593 3099; x_wconf 87' lang='lat' dir='ltr'><strong>ubique</strong></span> <span class='ocrx_word' id='word_1_260' title='bbox 600 3055 619 3095; x_wconf 78' lang='lat'><strong>,=</strong></span> <span class='ocrx_word' id='word_1_261' title='bbox 639 3033 670 3082; x_wconf 91' lang='lat' dir='ltr'><strong>et</strong></span> <span class='ocrx_word' id='word_1_262' title='bbox 691 3022 763 3083; x_wconf 89' lang='lat' dir='ltr'><strong>dicit</strong></span> <span class='ocrx_word' id='word_1_263' title='bbox 771 3065 779 3094; x_wconf 90' lang='lat'>‚</span> <span class='ocrx_word' id='word_1_264' title='bbox 806 3023 888 3101; x_wconf 91' lang='lat' dir='ltr'><strong>quod</strong></span> <span class='ocrx_word' id='word_1_265' title='bbox 910 3043 974 3082; x_wconf 86' lang='lat' dir='ltr'><strong>non</strong></span> <span class='ocrx_word' id='word_1_266' title='bbox 997 3033 1171 3105; x_wconf 21' lang='lat' dir='ltr'><strong>est-verum</strong></span> <span class='ocrx_word' id='word_1_267' title='bbox 1184 3063 1193 3096; x_wconf 91' lang='lat'>‚</span> <span class='ocrx_word' id='word_1_268' title='bbox 1238 3023 1324 3103; x_wconf 85' lang='lat' dir='ltr'><strong>quod</strong></span> 
     </span>
     <span class='ocr_line' id='line_1_29' title="bbox 194 3118 1323 3202; baseline 0.003 -22"><span class='ocrx_word' id='word_1_269' title='bbox 194 3119 394 3180; x_wconf 84' lang='lat' dir='ltr'><strong>Pfefferkorn</strong></span> <span class='ocrx_word' id='word_1_270' title='bbox 424 3126 478 3176; x_wconf 89' lang='lat' dir='ltr'><strong>est·</strong></span> <span class='ocrx_word' id='word_1_271' title='bbox 492 3118 668 3180; x_wconf 83' lang='lat' dir='ltr'><strong>sollicitator</strong></span> <span class='ocrx_word' id='word_1_272' title='bbox 696 3121 848 3195; x_wconf 84' lang='lat' dir='ltr'><strong>Caesaris,</strong></span> <span class='ocrx_word' id='word_1_273' title='bbox 890 3131 921 3182; x_wconf 87' lang='lat' dir='ltr'><strong>et</strong></span> <span class='ocrx_word' id='word_1_274' title='bbox 947 3121 1207 3202; x_wconf 84' lang='lat' dir='ltr'><strong>quod·nunquam</strong></span> <span class='ocrx_word' id='word_1_275' title='bbox 1229 3121 1323 3184; x_wconf 82' lang='lat' dir='ltr'><strong>etiam</strong></span> 
     </span>
     <span class='ocr_line' id='line_1_30' title="bbox 196 3215 1324 3299; baseline 0.004 -21"><span class='ocrx_word' id='word_1_276' title='bbox 196 3217 275 3278; x_wconf 79' lang='lat' dir='ltr'><strong>fuit:</strong></span> <span class='ocrx_word' id='word_1_277' title='bbox 318 3227 349 3274; x_wconf 89' lang='lat' dir='ltr'><strong>et</strong></span> <span class='ocrx_word' id='word_1_278' title='bbox 376 3215 458 3294; x_wconf 87' lang='lat' dir='ltr'><strong>quod</strong></span> <span class='ocrx_word' id='word_1_279' title='bbox 483 3216 654 3296; x_wconf 85' lang='lat' dir='ltr'><strong>Imperator</strong></span> <span class='ocrx_word' id='word_1_280' title='bbox 677 3238 736 3299; x_wconf 88' lang='lat' dir='ltr'><strong>pro</strong></span> <span class='ocrx_word' id='word_1_281' title='bbox 764 3220 920 3279; x_wconf 88' lang='lat' dir='ltr'><strong>Rcuchlin</strong></span> <span class='ocrx_word' id='word_1_282' title='bbox 945 3218 1066 3299; x_wconf 86' lang='lat' dir='ltr'><strong>scripsit</strong></span> <span class='ocrx_word' id='word_1_283' title='bbox 1094 3220 1133 3280; x_wconf 87' lang='lat' dir='ltr'><strong>nd</strong></span> <span class='ocrx_word' id='word_1_284' title='bbox 1161 3221 1324 3282; x_wconf 79' lang='lat' dir='ltr'><strong>Sanctissi-</strong></span> 
     </span>
     <span class='ocr_line' id='line_1_31' title="bbox 196 3312 1323 3399; baseline 0.005 -25"><span class='ocrx_word' id='word_1_285' title='bbox 196 3333 297 3390; x_wconf 84' lang='lat' dir='ltr'><strong>mum‚</strong></span> <span class='ocrx_word' id='word_1_286' title='bbox 328 3326 358 3371; x_wconf 90' lang='lat' dir='ltr'><strong>et</strong></span> <span class='ocrx_word' id='word_1_287' title='bbox 379 3312 558 3393; x_wconf 86' lang='lat' dir='ltr'><strong>simpliciter</strong></span> <span class='ocrx_word' id='word_1_288' title='bbox 577 3317 661 3391; x_wconf 85' lang='lat' dir='ltr'><strong>vult,</strong></span> <span class='ocrx_word' id='word_1_289' title='bbox 698 3318 781 3396; x_wconf 88' lang='lat' dir='ltr'><strong>quod</strong></span> <span class='ocrx_word' id='word_1_290' title='bbox 802 3318 954 3399; x_wconf 82' lang='lat' dir='ltr'><strong>Theologi</strong></span> <span class='ocrx_word' id='word_1_291' title='bbox 973 3339 1036 3378; x_wconf 87' lang='lat' dir='ltr'><strong>non</strong></span> <span class='ocrx_word' id='word_1_292' title='bbox 1058 3319 1169 3381; x_wconf 85' lang='lat' dir='ltr'><strong>debent</strong></span> <span class='ocrx_word' id='word_1_293' title='bbox 1186 3317 1245 3378; x_wconf 80' lang='lat' dir='ltr'><strong>tibi</strong></span> <span class='ocrx_word' id='word_1_294' title='bbox 1267 3341 1323 3380; x_wconf 90' lang='lat' dir='ltr'><strong>ve-</strong></span> 
     </span>
    </p>
   </div>
   <div class='ocr_carea' id='block_1_15' title="bbox 195 3411 1431 3692">
    <p class='ocr_par' dir='ltr' id='par_1_15' title="bbox 195 3411 1431 3692">
     <span class='ocr_line' id='line_1_32' title="bbox 195 3411 1431 3496; baseline 0.003 -23"><span class='ocrx_word' id='word_1_295' title='bbox 195 3433 271 3473; x_wconf 84' lang='lat' dir='ltr'><strong>xare</strong></span> <span class='ocrx_word' id='word_1_296' title='bbox 290 3433 379 3471; x_wconf 88' lang='lat' dir='ltr'><strong>suurn</strong></span> <span class='ocrx_word' id='word_1_297' title='bbox 403 3411 608 3474; x_wconf 74' lang='lat' dir='ltr'><strong>Consiliorum</strong></span> <span class='ocrx_word' id='word_1_298' title='bbox 628 3413 749 3475; x_wconf 87' lang='lat' dir='ltr'><strong>fidelem</strong></span> <span class='ocrx_word' id='word_1_299' title='bbox 772 3425 802 3476; x_wconf 90' lang='lat' dir='ltr'><strong>et</strong></span> <span class='ocrx_word' id='word_1_300' title='bbox 821 3418 970 3496; x_wconf 89' lang='lat' dir='ltr'><strong>probum,</strong></span> <span class='ocrx_word' id='word_1_301' title='bbox 993 3417 1067 3476; x_wconf 85' lang='lat' dir='ltr'><strong>item</strong></span> <span class='ocrx_word' id='word_1_302' title='bbox 1087 3418 1216 3478; x_wconf 81' lang='lat' dir='ltr'><strong>Iacobus</strong></span> <span class='ocrx_word' id='word_1_303' title='bbox 1229 3419 1324 3478; x_wconf 83' lang='lat' dir='ltr'><strong>Fabri</strong></span> <span class='ocrx_word' id='word_1_304' title='bbox 1430 3461 1431 3488; x_wconf 34' lang='lat' dir='ltr'><strong>v</strong></span> 
     </span>
     <span class='ocr_line' id='line_1_33' title="bbox 198 3510 1431 3605; baseline 0.002 -35"><span class='ocrx_word' id='word_1_305' title='bbox 198 3510 402 3605; x_wconf 75' lang='lat' dir='ltr'><strong>stapulensis,</strong></span> <span class='ocrx_word' id='word_1_306' title='bbox 432 3511 470 3570; x_wconf 90' lang='lat' dir='ltr'><strong>de</strong></span> <span class='ocrx_word' id='word_1_307' title='bbox 491 3532 551 3590; x_wconf 90' lang='lat' dir='ltr'><strong>quo</strong></span> <span class='ocrx_word' id='word_1_308' title='bbox 568 3514 724 3576; x_wconf 83' lang='lat' dir='ltr'><strong>audivistis</strong></span> <span class='ocrx_word' id='word_1_309' title='bbox 746 3516 856 3592; x_wconf 82' lang='lat' dir='ltr'><strong>multa3</strong></span> <span class='ocrx_word' id='word_1_310' title='bbox 890 3515 956 3596; x_wconf 88' lang='lat' dir='ltr'><strong>ipse</strong></span> <span class='ocrx_word' id='word_1_311' title='bbox 976 3529 1083 3596; x_wconf 82' lang='lat' dir='ltr'><strong>aperte</strong></span> <span class='ocrx_word' id='word_1_312' title='bbox 1103 3516 1188 3577; x_wconf 86' lang='lat' dir='ltr'><strong>favet</strong></span> <span class='ocrx_word' id='word_1_313' title='bbox 1208 3517 1324 3578; x_wconf 79' lang='lat' dir='ltr'><strong>Ioanni</strong></span> <span class='ocrx_word' id='word_1_314' title='bbox 1430 3549 1431 3572; x_wconf 55' lang='lat' dir='ltr'><strong>t</strong></span> 
     </span>
     <span class='ocr_line' id='line_1_34' title="bbox 196 3609 1431 3692; baseline 0.006 -22"><span class='ocrx_word' id='word_1_315' title='bbox 196 3611 365 3684; x_wconf 86' lang='lat' dir='ltr'><strong>Rcuchlin,</strong></span> <span class='ocrx_word' id='word_1_316' title='bbox 410 3609 547 3688; x_wconf 87' lang='lat' dir='ltr'><strong>quamvis</strong></span> <span class='ocrx_word' id='word_1_317' title='bbox 568 3611 720 3692; x_wconf 86' lang='lat' dir='ltr'><strong>Theologi</strong></span> <span class='ocrx_word' id='word_1_318' title='bbox 747 3613 893 3673; x_wconf 74' lang='lat' dir='ltr'><strong>dixerunt</strong></span> <span class='ocrx_word' id='word_1_319' title='bbox 918 3615 964 3690; x_wconf 86' lang='lat' dir='ltr'><strong>ei,</strong></span> <span class='ocrx_word' id='word_1_320' title='bbox 998 3636 1039 3674; x_wconf 87' lang='lat' dir='ltr'><strong>ne</strong></span> <span class='ocrx_word' id='word_1_321' title='bbox 1059 3616 1183 3676; x_wconf 87' lang='lat' dir='ltr'><strong>deberet</strong></span> <span class='ocrx_word' id='word_1_322' title='bbox 1208 3617 1322 3679; x_wconf 84' lang='lat' dir='ltr'><strong>faeere.</strong></span> <span class='ocrx_word' id='word_1_323' title='bbox 1430 3625 1431 3632; x_wconf 76' lang='grc'>’</span> 
     </span>
    </p>
   </div>
   <div class='ocr_carea' id='block_1_16' title="bbox 196 3708 1321 3804">
    <p class='ocr_par' dir='ltr' id='par_1_16' title="bbox 196 3708 1321 3804">
     <span class='ocr_line' id='line_1_35' title="bbox 196 3708 1321 3804; baseline 0.007 -36"><span class='ocrx_word' id='word_1_324' title='bbox 196 3710 237 3768; x_wconf 92' lang='lat' dir='ltr'><strong>Et</strong></span> <span class='ocrx_word' id='word_1_325' title='bbox 257 3709 370 3768; x_wconf 90' lang='lat' dir='ltr'><strong>dictum</strong></span> <span class='ocrx_word' id='word_1_326' title='bbox 390 3708 469 3783; x_wconf 82' lang='lat' dir='ltr'><strong>fuit,</strong></span> <span class='ocrx_word' id='word_1_327' title='bbox 492 3709 576 3790; x_wconf 86' lang='lat' dir='ltr'><strong>quod</strong></span> <span class='ocrx_word' id='word_1_328' title='bbox 597 3709 716 3791; x_wconf 85' lang='lat' dir='ltr'><strong>scripsit</strong></span> <span class='ocrx_word' id='word_1_329' title='bbox 735 3711 771 3804; x_wconf 76' lang='lat' dir='ltr'><strong>in</strong></span> <span class='ocrx_word' id='word_1_330' title='bbox 790 3731 853 3771; x_wconf 87' lang='lat' dir='ltr'><strong>una</strong></span> <span class='ocrx_word' id='word_1_331' title='bbox 873 3710 1017 3773; x_wconf 84' lang='lat' dir='ltr'><strong>litera&#39;in</strong></span> <span class='ocrx_word' id='word_1_332' title='bbox 1029 3714 1214 3790; x_wconf 81' lang='lat' dir='ltr'><strong>Almaniam,</strong></span> <span class='ocrx_word' id='word_1_333' title='bbox 1236 3717 1321 3796; x_wconf 87' lang='lat' dir='ltr'><strong>quod</strong></span> 
     </span>
    </p>
   </div>
   <div class='ocr_carea' id='block_1_17' title="bbox 142 3805 1431 3990">
    <p class='ocr_par' dir='ltr' id='par_1_17' title="bbox 142 3805 1431 3990">
     <span class='ocr_line' id='line_1_36' title="bbox 142 3805 1431 3888; baseline 0.005 -21"><span class='ocrx_word' id='word_1_334' title='bbox 142 3851 145 3858; x_wconf 68' lang='lat'><em>,</em></span> <span class='ocrx_word' id='word_1_335' title='bbox 197 3807 349 3888; x_wconf 86' lang='lat' dir='ltr'><strong>Theologi</strong></span> <span class='ocrx_word' id='word_1_336' title='bbox 374 3805 596 3868; x_wconf 81' lang='lat' dir='ltr'><strong>Pamhisienses</strong></span> <span class='ocrx_word' id='word_1_337' title='bbox 629 3820 835 3871; x_wconf 85' lang='lat' dir='ltr'><strong>tractaverunt</strong></span> <span class='ocrx_word' id='word_1_338' title='bbox 862 3812 1012 3871; x_wconf 77' lang='lat' dir='ltr'><strong>Ioannem</strong></span> <span class='ocrx_word' id='word_1_339' title='bbox 1038 3813 1211 3886; x_wconf 88' lang='lat' dir='ltr'><strong>Rcuchlin,</strong></span> <span class='ocrx_word' id='word_1_340' title='bbox 1255 3835 1320 3874; x_wconf 88' lang='lat' dir='ltr'><strong>non</strong></span> <span class='ocrx_word' id='word_1_341' title='bbox 1430 3833 1431 3838; x_wconf 50' lang='lat'>¹</span> 
     </span>
     <span class='ocr_line' id='line_1_37' title="bbox 197 3903 1431 3990; baseline 0.006 -27"><span class='ocrx_word' id='word_1_342' title='bbox 197 3907 288 3964; x_wconf 86' lang='lat' dir='ltr'><strong>aliter</strong></span> <span class='ocrx_word' id='word_1_343' title='bbox 308 3925 399 3986; x_wconf 85' lang='lat' dir='ltr'><strong>quam</strong></span> <span class='ocrx_word' id='word_1_344' title='bbox 420 3907 528 3966; x_wconf 80' lang='lat' dir='ltr'><strong>Iudaei</strong></span> <span class='ocrx_word' id='word_1_345' title='bbox 547 3906 711 3969; x_wconf 77' lang='lat' dir='ltr'><strong>Christum.</strong></span> <span class='ocrx_word' id='word_1_346' title='bbox 772 3909 834 3968; x_wconf 90' lang='lat' dir='ltr'><strong>Sed</strong></span> <span class='ocrx_word' id='word_1_347' title='bbox 854 3909 949 3984; x_wconf 85' lang='lat' dir='ltr'><strong>dicat,</strong></span> <span class='ocrx_word' id='word_1_348' title='bbox 978 3909 1123 3990; x_wconf 84' lang='lat' dir='ltr'><strong>quiequid</strong></span> <span class='ocrx_word' id='word_1_349' title='bbox 1144 3911 1235 3985; x_wconf 87' lang='lat' dir='ltr'><strong>velit,</strong></span> <span class='ocrx_word' id='word_1_350' title='bbox 1265 3923 1335 3972; x_wconf 80' lang='lat' dir='ltr'><strong>-m-·</strong></span> <span class='ocrx_word' id='word_1_351' title='bbox 1430 3903 1431 3924; x_wconf 39' lang='lat' dir='ltr'><strong>i</strong></span> 
     </span>
    </p>
   </div>
   <div class='ocr_carea' id='block_1_18' title="bbox 126 3993 1318 4282">
    <p class='ocr_par' dir='ltr' id='par_1_18' title="bbox 126 3993 1318 4282">
     <span class='ocr_line' id='line_1_38' title="bbox 197 3993 1318 4091; baseline 0.008 -29"><span class='ocrx_word' id='word_1_352' title='bbox 197 4024 268 4062; x_wconf 86' lang='lat' dir='ltr'><strong>men</strong></span> <span class='ocrx_word' id='word_1_353' title='bbox 289 4005 386 4082; x_wconf 87' lang='lat' dir='ltr'><strong>major</strong></span> <span class='ocrx_word' id='word_1_354' title='bbox 414 4025 483 4084; x_wconf 89' lang='lat' dir='ltr'><strong>pars</strong></span> <span class='ocrx_word' id='word_1_355' title='bbox 503 4007 537 4064; x_wconf 88' lang='lat' dir='ltr'><strong>in</strong></span> <span class='ocrx_word' id='word_1_356' title='bbox 557 4007 712 4067; x_wconf 83' lang='lat' dir='ltr'><strong>Parrhisia</strong></span> <span class='ocrx_word' id='word_1_357' title='bbox 734 4017 778 4068; x_wconf 85' lang='lat' dir='ltr'><strong>est</strong></span> <span class='ocrx_word' id='word_1_358' title='bbox 795 4029 853 4088; x_wconf 90' lang='lat' dir='ltr'><strong>pro</strong></span> <span class='ocrx_word' id='word_1_359' title='bbox 874 4010 977 4084; x_wconf 88' lang='lat' dir='ltr'><strong>nobis,</strong></span> <span class='ocrx_word' id='word_1_360' title='bbox 1012 4020 1139 4091; x_wconf 88' lang='lat' dir='ltr'><strong>propter</strong></span> <span class='ocrx_word' id='word_1_361' title='bbox 1157 3993 1318 4071; x_wconf 85' lang='lat' dir='ltr'><strong>¹honorem</strong></span> 
     </span>
     <span class='ocr_line' id='line_1_39' title="bbox 126 4102 1318 4189; baseline 0.01 -29"><span class='ocrx_word' id='word_1_362' title='bbox 126 4153 132 4160; x_wconf 81' lang='lat'>.</span> <span class='ocrx_word' id='word_1_363' title='bbox 198 4102 411 4166; x_wconf 86' lang='lat' dir='ltr'><strong>Universitatis</strong></span> <span class='ocrx_word' id='word_1_364' title='bbox 428 4113 459 4164; x_wconf 89' lang='lat' dir='ltr'><strong>et</strong></span> <span class='ocrx_word' id='word_1_365' title='bbox 477 4106 581 4164; x_wconf 90' lang='lat' dir='ltr'><strong>odium</strong></span> <span class='ocrx_word' id='word_1_366' title='bbox 593 4106 783 4168; x_wconf 80' lang='lat' dir='ltr'><strong>iuristar-um.</strong></span> <span class='ocrx_word' id='word_1_367' title='bbox 808 4109 889 4189; x_wconf 82' lang='lat' dir='ltr'><strong>Ergo</strong></span> <span class='ocrx_word' id='word_1_368' title='bbox 903 4108 1018 4170; x_wconf 85' lang='lat' dir='ltr'><strong>debetis</strong></span> <span class='ocrx_word' id='word_1_369' title='bbox 1032 4130 1095 4169; x_wconf 86' lang='lat' dir='ltr'><strong>esse</strong></span> <span class='ocrx_word' id='word_1_370' title='bbox 1108 4111 1188 4170; x_wconf 89' lang='lat' dir='ltr'><strong>bono</strong></span> <span class='ocrx_word' id='word_1_371' title='bbox 1203 4110 1318 4188; x_wconf 85' lang='lat' dir='ltr'><strong>animo,</strong></span> 
     </span>
     <span class='ocr_line' id='line_1_40' title="bbox 199 4202 1235 4282; baseline 0.01 -24"><span class='ocrx_word' id='word_1_372' title='bbox 199 4202 339 4260; x_wconf 88' lang='lat' dir='ltr'><strong>laetando</strong></span> <span class='ocrx_word' id='word_1_373' title='bbox 354 4213 384 4260; x_wconf 81' lang='lat' dir='ltr'><strong>st</strong></span> <span class='ocrx_word' id='word_1_374' title='bbox 395 4202 564 4282; x_wconf 77' lang='lat' dir='ltr'><strong>gaudendo.</strong></span> <span class='ocrx_word' id='word_1_375' title='bbox 584 4205 695 4267; x_wconf 87' lang='lat' dir='ltr'><strong>Valete</strong></span> <span class='ocrx_word' id='word_1_376' title='bbox 708 4209 910 4270; x_wconf 81' lang='lat' dir='ltr'><strong>aeternaliter.</strong></span> <span class='ocrx_word' id='word_1_377' title='bbox 934 4209 1049 4269; x_wconf 86' lang='lat' dir='ltr'><strong>Datum</strong></span> <span class='ocrx_word' id='word_1_378' title='bbox 1062 4209 1235 4270; x_wconf 86' lang='lat' dir='ltr'><strong>Parrhisiis.·</strong></span> 
     </span>
    </p>
   </div>
   <div class='ocr_carea' id='block_1_19' title="bbox 0 0 1452 4716">
    <p class='ocr_par' dir='ltr' id='par_1_19' title="bbox 0 0 1452 4716">
     <span class='ocr_line' id='line_1_41' title="bbox 0 0 1452 4716; baseline 0 2"><span class='ocrx_word' id='word_1_379' title='bbox 0 0 1452 4716; x_wconf 95' lang='lat' dir='ltr'><strong> </strong></span> 
     </span>
    </p>
   </div>
  </div>
 </body>
</html>
