2866 4724
198 341 263 408 304
488 407 492 416 ,
559 342 979 408 Ertsrouts

199 503 250 562 M.
269 456 385 560 Petris
403 495 578 576 Zepfalius,
606 493 898 558 Ludimoderator
884 521 920 558 en
934 499 1092 575 Ecclesia,
1112 500 1327 584 Collegium&

450 596 576 676 Syfridi
589 599 740 669 Metensi,
767 597 903 658 Millena
920 599 1075 658 Solutum.

284 695 382 775 Quia,
402 694 453 756 vir
472 695 732 756 illuminatissima
752 705 783 756 et
800 696 1090 773 eximinentissime,
1110 721 1129 762 a
1147 709 1236 782 parte
1255 709 1328 762 aute

197 807 320 877 etpost
339 793 485 868 colen'de,
523 813 573 852 me
592 793 724 874 petiisti,
755 803 791 854 ut
817 795 876 855 tibi
895 817 999 856 meum
1019 817 1137 858 novum
1157 797 1327 871 metodum,

179 917 292 976 -qnem
313 895 348 954 in
368 892 481 954 Schola
500 905 675 967 mea‘utor,
714 901 744 952 st
763 902 835 952 ante
855 912 962 954 omnes
981 895 1075 972 alios,
1105 895 1252 974 quiante
1273 887 1327 958 me

201 996 400 1067 suerunt,·et
419 1003 488 1072 post
505 1011 555 1052 me
575 1000 758 1070 sequentur,
780 1002 825 1052 est
845 992 1050 1069 foedissimus,
1070 976 1214 1056 deberem
1234 1015 1327 1056 reve-

202 1095 283 1166 lare,
323 1111 393 1152 ecee
412 1090 464 1150 hic
484 1100 529 1150 est
550 1090 620 1150 ille:
661 1091 704 1150 ita
727 1091 811 1150 soleo
831 1110 947 1170 pueros
965 1112 1048 1154 meos
1068 1093 1103 1154 iu
1118 1094 1327 1154 Grammatico

133 1254 135 1260 ,
203 1192 376 1252 informare
394 1199 424 1250 et
443 1188 543 1249 sinere
564 1187 742 1270 conjugeree

284 1292 380 1362 lavo,
401 1307 448 1362 es,
467 1307 537 1362 are,
557 1287 648 1362 veri,
668 1299 751 1348 atum
762 1327 772 1361 ,
799 1301 844 1350 est
866 1290 994 1352 verbum
1015 1309 1122 1370 regens
1141 1291 1302 1354 nativum.

287 1387 449 1468 supplico,
470 1407 520 1462 as,
543 1407 616 1455 arc,
636 1387 707 1462 cui,
730 1387 855 1464 icitum,
877 1389 957 1470 regit
975 1391 1201 1452 Accusativum.

285 1489 422 1567 Frange,
442 1507 489 1552 es.
510 1507 581 1562 are,
603 1486 672 1562 uvi,
693 1496 787 1546 atum.

284 1587 425 1666 Linque,
446 1607 493 1660 as,
513 1606 584 1660 are,
603 1584 669 1660 avi,
695 1595 788 1646 atum.

285 1685 473 1760 'Pransfero,
495 1705 544 1759 as,
566 1684 731 1759 translare,
753 1683 822 1764 avi,
844 1693 937 1747 atum.

284 1786 386 1857 Viro,
406 1783 450 1858 is,
471 1804 538 1859 ere,
559 1783 620 1857 ivi,
640 1783 766 1845 rituum.

284 1884 449 1962 Indulgeo,
472 1882 522 1959 ui,
547 1883 685 1944 ulsitum.

285 1975 480 2064 Peperio,
470 1981 531 2055 lvi,
552 1982 641 2043 itum.

235 2093 236 2096 ’
284 2081 410 2162 Magius
432 2081 528 2156 unxi,
549 2092 703 2144 inunctum
717 2095 773 2143 etc.

99 2235 100 2238 ,
203 2183 256 2246 Sic
289 2190 417 2294 possunt
447 2181 509 2240 mei
539 2183 630 2263 pueri
661 2180 888 2264 conjugationes
920 2173 1013 2244 facile
1043 2159 1161 2263 capere
1213 2178 1263 2246 Si
1276 2181 1323 2242 vis

204 2281 301 2346 etium
316 2281 394 2342 seire
406 2299 510 2340 meum
525 2281 728 2342 methodum
719 2302 752 2340 m
767 2273 958 2356 declinando,
978 2301 1072 2362 super
1094 2301 1159 2344 cras
1176 2279 1235 2339 tibi
1250 2281 1324 2340 mit-

173 2370 174 2374 *
202 2396 284 2458 tam,
315 2377 377 2462 jam
400 2380 483 2440 enim
510 2379 608 2440 habeo
635 2401 767 2462 paucum
788 2390 916 2460 tempus.
973 2381 1169 2462 Quapropter
1187 2380 1268 2456 vale,
1288 2390 1323 2439 ut

203 2502 335 2555 cervus,
364 2479 521 2554 alacriter,
553 2480 607 2559 qui
628 2500 719 2560 super
742 2479 896 2540 montibus
914 2489 953 2540 et
974 2479 1107 2541 vallibus
1125 2477 1217 2538 salire
1240 2479 1324 2538 solet.

204 2582 267 2645 Sed
280 2581 377 2652 heus,
410 2599 460 2638 me
480 2588 600 2660 oportet
620 2579 677 2639 tibi
703 2580 793 2640 etiam
822 2580 976 2660 specimen
996 2578 1099 2638 facere
1119 2577 1153 2636 iu
1175 2577 1325 2636 Dialecti-

203 2703 252 2753 ca,
274 2701 363 2758 quam
386 2679 462 2738 meis
483 2678 764 2758 Primanisingero.
825 2676 1002 2759 Proponavi
1029 2697 1130 2758 nuper
1157 2674 1196 2735 iis
1223 2667 1322 2738 unum

203 2781 438 2861 syllogismum,
471 2777 525 2856 qui
545 2778 589 2836 ita
609 2787 711 2852 sonat,

285 2878 402 2939 Mulier
422 2876 528 2956 genuit
547 2886 578 2944 te
599 2877 649 2935 vel
664 2877 786 2952 Asinus,

239 2973 348 3036 Sed
366 2976 454 3035 nulla
472 2975 585 3035 mulier
604 2976 710 3055 genuit
730 2985 770 3050 te,

213 3135 217 3142 ,
250 3076 365 3160 Ergo
387 3053 498 3134 Asinus
518 3075 625 3154 genuit
644 3085 683 3134 te.

202 3173 269 3236 Mei
289 3172 427 3234 Primani
449 3194 513 3232 non
532 3173 700 3253 potuerunt
719 3173 922 3253 respondere,
959 3181 990 3232 et
1017 3191 1070 3251 ego
1091 3171 1158 3252 ipse
1176 3192 1241 3232 non
1251 3131 1324 3254 ite-

202 3274 259 3334 tim
280 3272 367 3354 potui
387 3293 437 3330 me
461 3274 636 3347 recordari,
676 3272 862 3350 interrogavi
881 3272 921 3330 ad
940 3272 1101 3332 consilium
1121 3271 1198 3331 alios
1219 3249 1324 3332 doctos

202 3373 339 3434 Clericos
359 3381 390 3431 et
410 3371 614 3451 Philosophos
633 3371 666 3430 in
684 3381 787 3429 nostra
809 3369 947 3442 civitate,
975 3372 1029 3450 qui
1049 3371 1206 3445 dixerant,
1240 3371 1323 3451 quod

203 3472 246 3532 ite
265 3471 373 3530 debeat
394 3453 594 3550 responderi,
644 3470 726 3548 quod
754 3478 817 3529 tota
845 3468 1039 3548 Disjunctiva
1057 3470 1097 3528 sit
1121 3471 1215 3544 falsa,
1249 3471 1323 3550 quia

203 3571 318 3632 mulier
337 3589 401 3628 non
419 3569 535 3649 gignit,
555 3590 587 3628 se
607 3571 696 3649 parit.
736 3569 839 3628 Placet
859 3567 988 3626 mihiex
1006 3581 1093 3650 parte
1106 3569 1323 3648 haecrespon-

201 3671 269 3740 sio,
290 3669 344 3729 sed
364 3679 465 3728 tamen
487 3681 591 3728 manet
609 3668 708 3728 adhuc
729 3687 810 3726 unns
833 3658 1134 3748 scrupulus,'quem
1165 3686 1240 3726 mox
1263 3667 1323 3746 tibi

202 3757 342 3830 scribam.
380 3769 422 3828 Et
442 3768 515 3847 quia
534 3779 569 3828 tu
589 3789 620 3826 es
638 3767 729 3826 valde
748 3767 930 3826 scientificus
951 3768 1018 3840 Vir,
1039 3779 1108 3847 peto
1122 3776 1168 3838 te,
1191 3777 1227 3824 ut
1242 3765 1323 3825 mihi

201 3869 323 3942 scribas,
344 3867 418 3946 q'uid
430 3877 465 3928 tu
486 3866 672 3947 respondere
691 3867 787 3927 uelles
807 3866 846 3924 ad
866 3865 949 3924 hunc
970 3867 1196 3946 syllogismum.
1275 3931 1280 3940 ἱ

284 3965 398 4028 Asinus
417 3966 509 4026 habet
529 3967 659 4046 pedem,
679 3975 714 4026 tu
733 3965 826 4024 habes
844 3965 973 4044 pedem,
1000 3985 1052 4044 erg
1055 3984 1072 4021 o
1093 3977 1129 4024 tu
1149 3984 1180 4022 es
1198 3962 1322 4024 Asinus.

202 4069 267 4148 Ego
289 4076 364 4147 puto
385 4065 634 4159 distinguendum
656 4085 726 4124 esse
748 4065 829 4124 inter
854 4064 963 4143 pedem
990 4064 1170 4124 rationalem
1190 4071 1221 4120 et
1240 4061 1323 4120 irra-

201 4165 357 4246 tionalem.
420 4165 480 4225 Sed
502 4177 612 4246 expeto
632 4173 721 4224 tuum
739 4161 898 4243 judicium.
945 4164 1041 4239 Vale,
1037 4162 1232 4224 Amicorum
1253 4179 1322 4218 cer-

202 4265 289 4335 vale,
324 4273 354 4322 et
372 4275 510 4344 tempore
526 4265 647 4344 Aegidii
665 4265 796 4324 alacrem
817 4271 848 4322 te
870 4272 1005 4344 praesta,
1020 4262 1152 4324 interea
1170 4278 1247 4322 vero
1267 4277 1321 4328 me

388 4445 396 4476 t
