<?xml version="1.0" encoding="UTF-8"?>
<!DOCTYPE html PUBLIC "-//W3C//DTD XHTML 1.0 Transitional//EN"
    "http://www.w3.org/TR/xhtml1/DTD/xhtml1-transitional.dtd">
<html xmlns="http://www.w3.org/1999/xhtml" xml:lang="en" lang="en">
 <head>
  <title>
</title>
<meta http-equiv="Content-Type" content="text/html;charset=utf-8" />
  <meta name='ocr-system' content='tesseract 3.04.00' />
  <meta name='ocr-capabilities' content='ocr_page ocr_carea ocr_par ocr_line ocrx_word'/>
</head>
<body>
  <div class='ocr_page' id='page_1' title='image "./ulrichiabhutten04mngoog_0471.png"; bbox 0 0 2840 4718; ppageno 0'>
   <div class='ocr_carea' id='block_1_1' title="bbox 361 291 1337 454">
    <p class='ocr_par' dir='ltr' id='par_1_1' title="bbox 288 291 1337 454">
     <span class='ocr_line' id='line_1_1' title="bbox 361 291 1337 454; baseline -0.007 -40.487"><span class='ocrx_word' id='word_1_1' title='bbox 361 291 910 414; x_wconf 59' lang='lat' dir='ltr'><strong>numerariorum</strong></span> <span class='ocrx_word' id='word_1_2' title='bbox 992 365 1000 406; x_wconf 70' lang='grc' dir='ltr'>ι</span> <span class='ocrx_word' id='word_1_3' title='bbox 1141 335 1213 407; x_wconf 65' lang='lat' dir='ltr'><strong>⁴uta</strong></span> <span class='ocrx_word' id='word_1_4' title='bbox 1328 431 1337 454; x_wconf 23' lang='grc' dir='ltr'>ὓ</span> 
     </span>
    </p>
   </div>
   <div class='ocr_carea' id='block_1_2' title="bbox 64 498 1280 4382">
    <p class='ocr_par' dir='ltr' id='par_1_2' title="bbox 64 498 1280 4382">
     <span class='ocr_line' id='line_1_2' title="bbox 78 498 1212 588; baseline -0.004 -22"><span class='ocrx_word' id='word_1_5' title='bbox 78 523 173 588; x_wconf 86' lang='lat' dir='ltr'><strong>quam</strong></span> <span class='ocrx_word' id='word_1_6' title='bbox 192 511 230 566; x_wconf 83' lang='lat' dir='ltr'><strong>al</strong></span> <span class='ocrx_word' id='word_1_7' title='bbox 247 501 497 585; x_wconf 83' lang='lat' dir='ltr'><strong>quamplurimos</strong></span> <span class='ocrx_word' id='word_1_8' title='bbox 517 500 598 564; x_wconf 74' lang='lat' dir='ltr'><strong>filios</strong></span> <span class='ocrx_word' id='word_1_9' title='bbox 616 498 649 562; x_wconf 80' lang='lat' dir='ltr'><strong>te&#39;</strong></span> <span class='ocrx_word' id='word_1_10' title='bbox 670 499 779 584; x_wconf 80' lang='lat' dir='ltr'><strong>dignos</strong></span> <span class='ocrx_word' id='word_1_11' title='bbox 798 501 857 564; x_wconf 84' lang='lat' dir='ltr'><strong>tibi</strong></span> <span class='ocrx_word' id='word_1_12' title='bbox 875 499 994 564; x_wconf 83' lang='lat' dir='ltr'><strong>reddat.</strong></span> <span class='ocrx_word' id='word_1_13' title='bbox 1034 499 1135 582; x_wconf 84' lang='lat' dir='ltr'><strong>Negas</strong></span> <span class='ocrx_word' id='word_1_14' title='bbox 1156 521 1212 562; x_wconf 61' lang='lat' dir='ltr'><strong>aar</strong></span> 
     </span>
     <span class='ocr_line' id='line_1_3' title="bbox 78 602 1211 684; baseline -0.007 -15"><span class='ocrx_word' id='word_1_15' title='bbox 78 619 143 670; x_wconf 86' lang='lat' dir='ltr'><strong>tam</strong></span> <span class='ocrx_word' id='word_1_16' title='bbox 163 615 196 666; x_wconf 87' lang='lat' dir='ltr'><strong>to</strong></span> <span class='ocrx_word' id='word_1_17' title='bbox 215 604 343 684; x_wconf 87' lang='lat' dir='ltr'><strong>dignos,</strong></span> <span class='ocrx_word' id='word_1_18' title='bbox 393 604 448 683; x_wconf 85' lang='lat' dir='ltr'><strong>qui</strong></span> <span class='ocrx_word' id='word_1_19' title='bbox 482 611 652 684; x_wconf 75' lang='lat' dir='ltr'><strong>gravantur</strong></span> <span class='ocrx_word' id='word_1_20' title='bbox 675 615 797 662; x_wconf 87' lang='lat' dir='ltr'><strong>cracem</strong></span> <span class='ocrx_word' id='word_1_21' title='bbox 824 611 911 664; x_wconf 84' lang='lat' dir='ltr'><strong>tuam</strong></span> <span class='ocrx_word' id='word_1_22' title='bbox 940 602 1059 664; x_wconf 87' lang='lat' dir='ltr'><strong>tollere.</strong></span> <span class='ocrx_word' id='word_1_23' title='bbox 1099 603 1211 677; x_wconf 85' lang='lat' dir='ltr'><strong>Porro,</strong></span> 
     </span>
     <span class='ocr_line' id='line_1_4' title="bbox 78 699 1212 783; baseline -0.006 -16"><span class='ocrx_word' id='word_1_24' title='bbox 78 727 205 768; x_wconf 87' lang='lat' dir='ltr'><strong>crucem</strong></span> <span class='ocrx_word' id='word_1_25' title='bbox 226 705 337 764; x_wconf 87' lang='lat' dir='ltr'><strong>tollere</strong></span> <span class='ocrx_word' id='word_1_26' title='bbox 359 703 435 783; x_wconf 88' lang='lat' dir='ltr'><strong>quid</strong></span> <span class='ocrx_word' id='word_1_27' title='bbox 455 701 542 764; x_wconf 80' lang='lat' dir='ltr'><strong>aliud</strong></span> <span class='ocrx_word' id='word_1_28' title='bbox 563 711 624 776; x_wconf 87' lang='lat' dir='ltr'><strong>est,</strong></span> <span class='ocrx_word' id='word_1_29' title='bbox 647 721 739 781; x_wconf 87' lang='lat' dir='ltr'><strong>quam</strong></span> <span class='ocrx_word' id='word_1_30' title='bbox 760 699 843 762; x_wconf 83' lang='lat' dir='ltr'><strong>nihil</strong></span> <span class='ocrx_word' id='word_1_31' title='bbox 864 702 898 762; x_wconf 88' lang='lat' dir='ltr'><strong>in</strong></span> <span class='ocrx_word' id='word_1_32' title='bbox 925 700 985 762; x_wconf 88' lang='lat' dir='ltr'><strong>hoo</strong></span> <span class='ocrx_word' id='word_1_33' title='bbox 1013 702 1132 762; x_wconf 90' lang='lat' dir='ltr'><strong>mundo</strong></span> <span class='ocrx_word' id='word_1_34' title='bbox 1159 702 1212 764; x_wconf 87' lang='lat' dir='ltr'><strong>val</strong></span> 
     </span>
     <span class='ocr_line' id='line_1_5' title="bbox 79 799 1261 885; baseline -0.004 -18"><span class='ocrx_word' id='word_1_35' title='bbox 79 825 202 881; x_wconf 83' lang='lat' dir='ltr'><strong>amaro,</strong></span> <span class='ocrx_word' id='word_1_36' title='bbox 223 803 276 866; x_wconf 86' lang='lat' dir='ltr'><strong>vel</strong></span> <span class='ocrx_word' id='word_1_37' title='bbox 296 801 539 885; x_wconf 71' lang='lat' dir='ltr'><strong>concupiscere?</strong></span> <span class='ocrx_word' id='word_1_38' title='bbox 579 801 630 864; x_wconf 85' lang='lat' dir='ltr'><strong>Ad</strong></span> <span class='ocrx_word' id='word_1_39' title='bbox 645 799 846 882; x_wconf 85' lang='lat' dir='ltr'><strong>huncitaque</strong></span> <span class='ocrx_word' id='word_1_40' title='bbox 859 821 995 882; x_wconf 86' lang='lat' dir='ltr'><strong>scopum,</strong></span> <span class='ocrx_word' id='word_1_41' title='bbox 1016 801 1076 876; x_wconf 80' lang='lat' dir='ltr'><strong>fac,</strong></span> <span class='ocrx_word' id='word_1_42' title='bbox 1097 812 1133 862; x_wconf 88' lang='lat' dir='ltr'><strong>ut</strong></span> <span class='ocrx_word' id='word_1_43' title='bbox 1148 801 1213 862; x_wconf 81' lang='lat' dir='ltr'><strong>Ju-</strong></span> <span class='ocrx_word' id='word_1_44' title='bbox 1258 845 1261 851; x_wconf 82' lang='lat'>·</span> 
     </span>
     <span class='ocr_line' id='line_1_6' title="bbox 79 899 1212 983; baseline -0.005 -17"><span class='ocrx_word' id='word_1_45' title='bbox 79 909 236 967; x_wconf 81' lang='lat' dir='ltr'><strong>linctum</strong></span> <span class='ocrx_word' id='word_1_46' title='bbox 256 922 362 964; x_wconf 89' lang='lat' dir='ltr'><strong>omnes</strong></span> <span class='ocrx_word' id='word_1_47' title='bbox 384 923 454 963; x_wconf 88' lang='lat' dir='ltr'><strong>suos</strong></span> <span class='ocrx_word' id='word_1_48' title='bbox 490 913 626 976; x_wconf 87' lang='lat' dir='ltr'><strong>conatus,</strong></span> <span class='ocrx_word' id='word_1_49' title='bbox 648 901 753 961; x_wconf 89' lang='lat' dir='ltr'><strong>omnia</strong></span> <span class='ocrx_word' id='word_1_50' title='bbox 772 899 881 975; x_wconf 84' lang='lat' dir='ltr'><strong>studia,</strong></span> <span class='ocrx_word' id='word_1_51' title='bbox 905 920 1012 961; x_wconf 88' lang='lat' dir='ltr'><strong>omnes</strong></span> <span class='ocrx_word' id='word_1_52' title='bbox 1027 901 1119 983; x_wconf 87' lang='lat' dir='ltr'><strong>leges,</strong></span> <span class='ocrx_word' id='word_1_53' title='bbox 1140 919 1212 960; x_wconf 89' lang='lat' dir='ltr'><strong>om-</strong></span> 
     </span>
     <span class='ocr_line' id='line_1_7' title="bbox 78 1001 1212 1086; baseline -0.005 -19"><span class='ocrx_word' id='word_1_54' title='bbox 78 1025 151 1067; x_wconf 84' lang='lat' dir='ltr'><strong>nem</strong></span> <span class='ocrx_word' id='word_1_55' title='bbox 173 1011 353 1086; x_wconf 83' lang='lat' dir='ltr'><strong>potestatem</strong></span> <span class='ocrx_word' id='word_1_56' title='bbox 375 1001 508 1076; x_wconf 85' lang='lat' dir='ltr'><strong>referat,</strong></span> <span class='ocrx_word' id='word_1_57' title='bbox 531 1021 595 1062; x_wconf 89' lang='lat' dir='ltr'><strong>non</strong></span> <span class='ocrx_word' id='word_1_58' title='bbox 616 1001 655 1062; x_wconf 86' lang='lat' dir='ltr'><strong>ad</strong></span> <span class='ocrx_word' id='word_1_59' title='bbox 678 1021 729 1076; x_wconf 86' lang='lat' dir='ltr'><strong>ea,</strong></span> <span class='ocrx_word' id='word_1_60' title='bbox 751 1019 830 1079; x_wconf 87' lang='lat' dir='ltr'><strong>qnae</strong></span> <span class='ocrx_word' id='word_1_61' title='bbox 851 1011 922 1061; x_wconf 88' lang='lat' dir='ltr'><strong>tuus</strong></span> <span class='ocrx_word' id='word_1_62' title='bbox 942 1001 1069 1083; x_wconf 87' lang='lat' dir='ltr'><strong>spiritus</strong></span> <span class='ocrx_word' id='word_1_63' title='bbox 1089 1001 1212 1062; x_wconf 86' lang='lat' dir='ltr'><strong>abomi-</strong></span> 
     </span>
     <span class='ocr_line' id='line_1_8' title="bbox 78 1099 1213 1183; baseline -0.003 -18"><span class='ocrx_word' id='word_1_64' title='bbox 78 1115 183 1166; x_wconf 83' lang='lat' dir='ltr'><strong>natur.</strong></span> <span class='ocrx_word' id='word_1_65' title='bbox 222 1103 290 1164; x_wconf 88' lang='lat' dir='ltr'><strong>Nec</strong></span> <span class='ocrx_word' id='word_1_66' title='bbox 310 1102 347 1161; x_wconf 84' lang='lat' dir='ltr'><strong>so</strong></span> <span class='ocrx_word' id='word_1_67' title='bbox 368 1111 512 1182; x_wconf 84' lang='lat' dir='ltr'><strong>torqueat</strong></span> <span class='ocrx_word' id='word_1_68' title='bbox 540 1100 679 1162; x_wconf 89' lang='lat' dir='ltr'><strong>muneris</strong></span> <span class='ocrx_word' id='word_1_69' title='bbox 707 1099 944 1175; x_wconf 80' lang='lat' dir='ltr'><strong>authoritatem,</strong></span> <span class='ocrx_word' id='word_1_70' title='bbox 986 1110 1038 1176; x_wconf 91' lang='lat' dir='ltr'><strong>ut,</strong></span> <span class='ocrx_word' id='word_1_71' title='bbox 1060 1101 1213 1183; x_wconf 86' lang='lat' dir='ltr'><strong>quidquid</strong></span> 
     </span>
     <span class='ocr_line' id='line_1_9' title="bbox 77 1199 1213 1284; baseline -0.004 -19"><span class='ocrx_word' id='word_1_72' title='bbox 77 1205 191 1278; x_wconf 85' lang='lat' dir='ltr'><strong>libeat,</strong></span> <span class='ocrx_word' id='word_1_73' title='bbox 212 1203 247 1262; x_wconf 89' lang='lat' dir='ltr'><strong>id</strong></span> <span class='ocrx_word' id='word_1_74' title='bbox 266 1201 323 1263; x_wconf 88' lang='lat' dir='ltr'><strong>ani</strong></span> <span class='ocrx_word' id='word_1_75' title='bbox 342 1200 433 1262; x_wconf 86' lang='lat' dir='ltr'><strong>liceat</strong></span> <span class='ocrx_word' id='word_1_76' title='bbox 452 1201 599 1284; x_wconf 87' lang='lat' dir='ltr'><strong>impune,</strong></span> <span class='ocrx_word' id='word_1_77' title='bbox 621 1200 675 1260; x_wconf 85' lang='lat' dir='ltr'><strong>aad</strong></span> <span class='ocrx_word' id='word_1_78' title='bbox 696 1199 751 1281; x_wconf 87' lang='lat' dir='ltr'><strong>qui</strong></span> <span class='ocrx_word' id='word_1_79' title='bbox 771 1199 913 1261; x_wconf 88' lang='lat' dir='ltr'><strong>omnibus</strong></span> <span class='ocrx_word' id='word_1_80' title='bbox 932 1201 1015 1280; x_wconf 85' lang='lat' dir='ltr'><strong>leges</strong></span> <span class='ocrx_word' id='word_1_81' title='bbox 1036 1200 1213 1282; x_wconf 89' lang='lat' dir='ltr'><strong>praescrip-</strong></span> 
     </span>
     <span class='ocr_line' id='line_1_10' title="bbox 78 1287 1236 1383; baseline -0.003 -19"><span class='ocrx_word' id='word_1_82' title='bbox 78 1304 126 1379; x_wconf 87' lang='lat' dir='ltr'><strong>sit,</strong></span> <span class='ocrx_word' id='word_1_83' title='bbox 149 1301 217 1383; x_wconf 83' lang='lat' dir='ltr'><strong>aius</strong></span> <span class='ocrx_word' id='word_1_84' title='bbox 234 1301 301 1368; x_wconf 81' lang='lat' dir='ltr'><strong>rita</strong></span> <span class='ocrx_word' id='word_1_85' title='bbox 321 1287 425 1382; x_wconf 76' lang='lat' dir='ltr'><strong>legum</strong></span> <span class='ocrx_word' id='word_1_86' title='bbox 445 1301 486 1361; x_wconf 87' lang='lat' dir='ltr'><strong>sit</strong></span> <span class='ocrx_word' id='word_1_87' title='bbox 505 1299 674 1380; x_wconf 84' lang='lat' dir='ltr'><strong>exemplar.</strong></span> <span class='ocrx_word' id='word_1_88' title='bbox 714 1297 781 1360; x_wconf 82' lang='lat' dir='ltr'><strong>Nec</strong></span> <span class='ocrx_word' id='word_1_89' title='bbox 793 1299 838 1362; x_wconf 87' lang='lat' dir='ltr'><strong>ita</strong></span> <span class='ocrx_word' id='word_1_90' title='bbox 852 1317 917 1360; x_wconf 84' lang='lat' dir='ltr'><strong>sese</strong></span> <span class='ocrx_word' id='word_1_91' title='bbox 928 1309 1018 1382; x_wconf 86' lang='lat' dir='ltr'><strong>paret</strong></span> <span class='ocrx_word' id='word_1_92' title='bbox 1039 1299 1124 1362; x_wconf 86' lang='lat' dir='ltr'><strong>Petri</strong></span> <span class='ocrx_word' id='word_1_93' title='bbox 1138 1319 1236 1376; x_wconf 58' lang='lat' dir='ltr'><strong>suc-,</strong></span> 
     </span>
     <span class='ocr_line' id='line_1_11' title="bbox 80 1399 1214 1482; baseline -0.003 -19"><span class='ocrx_word' id='word_1_94' title='bbox 80 1415 201 1478; x_wconf 80' lang='lat' dir='ltr'><strong>castor,</strong></span> <span class='ocrx_word' id='word_1_95' title='bbox 222 1411 258 1464; x_wconf 88' lang='lat' dir='ltr'><strong>ut</strong></span> <span class='ocrx_word' id='word_1_96' title='bbox 278 1401 312 1468; x_wconf 87' lang='lat' dir='ltr'><strong>in</strong></span> <span class='ocrx_word' id='word_1_97' title='bbox 325 1401 405 1462; x_wconf 86' lang='lat' dir='ltr'><strong>¹solis</strong></span> <span class='ocrx_word' id='word_1_98' title='bbox 426 1401 535 1475; x_wconf 86' lang='lat' dir='ltr'><strong>minis,</strong></span> <span class='ocrx_word' id='word_1_99' title='bbox 562 1399 658 1460; x_wconf 86' lang='lat' dir='ltr'><strong>armis</strong></span> <span class='ocrx_word' id='word_1_100' title='bbox 678 1407 709 1460; x_wconf 85' lang='lat' dir='ltr'><strong>ct</strong></span> <span class='ocrx_word' id='word_1_101' title='bbox 741 1399 901 1482; x_wconf 78' lang='lat' dir='ltr'><strong>hypocrisi</strong></span> <span class='ocrx_word' id='word_1_102' title='bbox 936 1402 1122 1482; x_wconf 85' lang='lat' dir='ltr'><strong>apostolicae</strong></span> <span class='ocrx_word' id='word_1_103' title='bbox 1142 1399 1214 1482; x_wconf 87' lang='lat' dir='ltr'><strong>dig-</strong></span> 
     </span>
     <span class='ocr_line' id='line_1_12' title="bbox 79 1498 1214 1585; baseline -0.002 -23"><span class='ocrx_word' id='word_1_104' title='bbox 79 1503 185 1562; x_wconf 75' lang='lat' dir='ltr'><strong>nitatis</strong></span> <span class='ocrx_word' id='word_1_105' title='bbox 199 1501 388 1585; x_wconf 84' lang='lat' dir='ltr'><strong>praesidium</strong></span> <span class='ocrx_word' id='word_1_106' title='bbox 402 1501 541 1574; x_wconf 87' lang='lat' dir='ltr'><strong>collocat,</strong></span> <span class='ocrx_word' id='word_1_107' title='bbox 562 1511 656 1580; x_wconf 90' lang='lat' dir='ltr'><strong>utque</strong></span> <span class='ocrx_word' id='word_1_108' title='bbox 667 1498 798 1580; x_wconf 89' lang='lat' dir='ltr'><strong>optimos</strong></span> <span class='ocrx_word' id='word_1_109' title='bbox 811 1517 949 1580; x_wconf 79' lang='lat' dir='ltr'><strong>quosque</strong></span> <span class='ocrx_word' id='word_1_110' title='bbox 963 1499 1125 1582; x_wconf 86' lang='lat' dir='ltr'><strong>religionis</strong></span> <span class='ocrx_word' id='word_1_111' title='bbox 1145 1502 1214 1563; x_wconf 88' lang='lat' dir='ltr'><strong>An·-</strong></span> 
     </span>
     <span class='ocr_line' id='line_1_13' title="bbox 79 1594 1213 1684; baseline -0.004 -20"><span class='ocrx_word' id='word_1_112' title='bbox 79 1603 188 1664; x_wconf 82' lang='lat' dir='ltr'><strong>tistitos</strong></span> <span class='ocrx_word' id='word_1_113' title='bbox 202 1601 338 1662; x_wconf 84' lang='lat' dir='ltr'><strong>maxime</strong></span> <span class='ocrx_word' id='word_1_114' title='bbox 358 1609 514 1684; x_wconf 84' lang='lat' dir='ltr'><strong>suspectos</strong></span> <span class='ocrx_word' id='word_1_115' title='bbox 529 1598 641 1660; x_wconf 88' lang='lat' dir='ltr'><strong>habeat</strong></span> <span class='ocrx_word' id='word_1_116' title='bbox 661 1617 697 1658; x_wconf 89' lang='lat' dir='ltr'><strong>ac</strong></span> <span class='ocrx_word' id='word_1_117' title='bbox 717 1594 876 1675; x_wconf 76' lang='lat' dir='ltr'><strong>formidat,</strong></span> <span class='ocrx_word' id='word_1_118' title='bbox 898 1607 929 1659; x_wconf 88' lang='lat' dir='ltr'><strong>at</strong></span> <span class='ocrx_word' id='word_1_119' title='bbox 948 1599 1031 1680; x_wconf 88' lang='lat' dir='ltr'><strong>apud</strong></span> <span class='ocrx_word' id='word_1_120' title='bbox 1052 1602 1136 1660; x_wconf 88' lang='lat' dir='ltr'><strong>solos</strong></span> <span class='ocrx_word' id='word_1_121' title='bbox 1158 1619 1213 1661; x_wconf 85' lang='lat' dir='ltr'><strong>eos</strong></span> 
     </span>
     <span class='ocr_line' id='line_1_14' title="bbox 80 1697 1241 1783; baseline -0.003 -19"><span class='ocrx_word' id='word_1_122' title='bbox 80 1702 258 1765; x_wconf 83' lang='lat' dir='ltr'><strong>veneranda</strong></span> <span class='ocrx_word' id='word_1_123' title='bbox 278 1701 324 1762; x_wconf 82' lang='lat' dir='ltr'><strong>&#39;sit</strong></span> <span class='ocrx_word' id='word_1_124' title='bbox 350 1699 509 1762; x_wconf 88' lang='lat' dir='ltr'><strong>Pontificis</strong></span> <span class='ocrx_word' id='word_1_125' title='bbox 536 1697 723 1774; x_wconf 72' lang='lat' dir='ltr'><strong>authoritas,</strong></span> <span class='ocrx_word' id='word_1_126' title='bbox 764 1697 828 1780; x_wconf 89' lang='lat' dir='ltr'><strong>qui,</strong></span> <span class='ocrx_word' id='word_1_127' title='bbox 851 1699 936 1780; x_wconf 91' lang='lat' dir='ltr'><strong>quod</strong></span> <span class='ocrx_word' id='word_1_128' title='bbox 956 1699 1057 1760; x_wconf 86' lang='lat' dir='ltr'><strong>absint</strong></span> <span class='ocrx_word' id='word_1_129' title='bbox 1075 1699 1212 1783; x_wconf 82' lang='lat' dir='ltr'><strong>lougius,</strong></span> <span class='ocrx_word' id='word_1_130' title='bbox 1239 1739 1241 1748; x_wconf 40' lang='grc' dir='ltr'><em>ι</em></span> 
     </span>
     <span class='ocr_line' id='line_1_15' title="bbox 78 1798 1213 1881; baseline -0.001 -19"><span class='ocrx_word' id='word_1_131' title='bbox 78 1801 236 1870; x_wconf 83' lang='lat' dir='ltr'><strong>Pontificis</strong></span> <span class='ocrx_word' id='word_1_132' title='bbox 255 1801 352 1862; x_wconf 80' lang='lat' dir='ltr'><strong>vitam</strong></span> <span class='ocrx_word' id='word_1_133' title='bbox 365 1799 519 1881; x_wconf 76' lang='lat' dir='ltr'><strong>ignorant.</strong></span> <span class='ocrx_word' id='word_1_134' title='bbox 558 1799 620 1859; x_wconf 84' lang='lat' dir='ltr'><strong>Fac</strong></span> <span class='ocrx_word' id='word_1_135' title='bbox 635 1798 737 1873; x_wconf 87' lang='lat' dir='ltr'><strong>etiam,</strong></span> <span class='ocrx_word' id='word_1_136' title='bbox 759 1809 804 1874; x_wconf 88' lang='lat' dir='ltr'><strong>ut,</strong></span> <span class='ocrx_word' id='word_1_137' title='bbox 825 1799 929 1881; x_wconf 86' lang='lat' dir='ltr'><strong>siper</strong></span> <span class='ocrx_word' id='word_1_138' title='bbox 948 1798 1061 1860; x_wconf 88' lang='lat' dir='ltr'><strong>ostium</strong></span> <span class='ocrx_word' id='word_1_139' title='bbox 1081 1819 1146 1862; x_wconf 86' lang='lat' dir='ltr'><strong>non</strong></span> <span class='ocrx_word' id='word_1_140' title='bbox 1171 1800 1213 1861; x_wconf 84' lang='lat' dir='ltr'><strong>sit</strong></span> 
     </span>
     <span class='ocr_line' id='line_1_16' title="bbox 79 1892 1212 1984; baseline -0.002 -22"><span class='ocrx_word' id='word_1_141' title='bbox 79 1901 234 1984; x_wconf 86' lang='lat' dir='ltr'><strong>ingressus</strong></span> <span class='ocrx_word' id='word_1_142' title='bbox 257 1900 292 1962; x_wconf 88' lang='lat' dir='ltr'><strong>in</strong></span> <span class='ocrx_word' id='word_1_143' title='bbox 315 1899 407 1974; x_wconf 86' lang='lat' dir='ltr'><strong>ovile,</strong></span> <span class='ocrx_word' id='word_1_144' title='bbox 427 1898 454 1959; x_wconf 90' lang='lat' dir='ltr'><strong>si</strong></span> <span class='ocrx_word' id='word_1_145' title='bbox 472 1919 532 1980; x_wconf 83' lang='lat' dir='ltr'><strong>per</strong></span> <span class='ocrx_word' id='word_1_146' title='bbox 543 1897 654 1980; x_wconf 82' lang='lat' dir='ltr'><strong>impias</strong></span> <span class='ocrx_word' id='word_1_147' title='bbox 675 1909 755 1959; x_wconf 85' lang='lat' dir='ltr'><strong>artes</strong></span> <span class='ocrx_word' id='word_1_148' title='bbox 768 1898 903 1980; x_wconf 82' lang='lat' dir='ltr'><strong>irrepsit,</strong></span> <span class='ocrx_word' id='word_1_149' title='bbox 923 1917 964 1959; x_wconf 89' lang='lat' dir='ltr'><strong>ne</strong></span> <span class='ocrx_word' id='word_1_150' title='bbox 974 1892 1080 1962; x_wconf 81' lang='lat' dir='ltr'><strong>fraudi</strong></span> <span class='ocrx_word' id='word_1_151' title='bbox 1095 1901 1139 1961; x_wconf 87' lang='lat' dir='ltr'><strong>sit</strong></span> <span class='ocrx_word' id='word_1_152' title='bbox 1150 1909 1212 1962; x_wconf 85' lang='lat' dir='ltr'><strong>&#39;tuo</strong></span> 
     </span>
     <span class='ocr_line' id='line_1_17' title="bbox 79 1997 1211 2084; baseline -0.003 -22"><span class='ocrx_word' id='word_1_153' title='bbox 79 2001 183 2084; x_wconf 84' lang='lat' dir='ltr'><strong>gregi,</strong></span> <span class='ocrx_word' id='word_1_154' title='bbox 209 2001 273 2075; x_wconf 86' lang='lat' dir='ltr'><strong>ssd,</strong></span> <span class='ocrx_word' id='word_1_155' title='bbox 299 2007 354 2060; x_wconf 87' lang='lat' dir='ltr'><strong>tua</strong></span> <span class='ocrx_word' id='word_1_156' title='bbox 380 1997 443 2078; x_wconf 83' lang='lat' dir='ltr'><strong>jam</strong></span> <span class='ocrx_word' id='word_1_157' title='bbox 471 1997 587 2059; x_wconf 84' lang='lat' dir='ltr'><strong>virtute</strong></span> <span class='ocrx_word' id='word_1_158' title='bbox 608 1999 808 2074; x_wconf 86' lang='lat' dir='ltr'><strong>immutatus,</strong></span> <span class='ocrx_word' id='word_1_159' title='bbox 842 2000 972 2060; x_wconf 83' lang='lat' dir='ltr'><strong>Petrum</strong></span> <span class='ocrx_word' id='word_1_160' title='bbox 992 1999 1082 2058; x_wconf 91' lang='lat' dir='ltr'><strong>illum</strong></span> <span class='ocrx_word' id='word_1_161' title='bbox 1108 2009 1211 2069; x_wconf 87' lang='lat' dir='ltr'><strong>tunm,</strong></span> 
     </span>
     <span class='ocr_line' id='line_1_18' title="bbox 79 2097 1210 2182; baseline -0.002 -20"><span class='ocrx_word' id='word_1_162' title='bbox 79 2102 166 2182; x_wconf 89' lang='lat' dir='ltr'><strong>cujus</strong></span> <span class='ocrx_word' id='word_1_163' title='bbox 185 2101 278 2162; x_wconf 86' lang='lat' dir='ltr'><strong>titulo</strong></span> <span class='ocrx_word' id='word_1_164' title='bbox 300 2099 468 2180; x_wconf 84' lang='lat' dir='ltr'><strong>gloriatur,</strong></span> <span class='ocrx_word' id='word_1_165' title='bbox 510 2098 600 2158; x_wconf 87' lang='lat' dir='ltr'><strong>malit</strong></span> <span class='ocrx_word' id='word_1_166' title='bbox 617 2097 790 2172; x_wconf 88' lang='lat' dir='ltr'><strong>aemulari,</strong></span> <span class='ocrx_word' id='word_1_167' title='bbox 815 2118 908 2178; x_wconf 88' lang='lat' dir='ltr'><strong>quam</strong></span> <span class='ocrx_word' id='word_1_168' title='bbox 935 2097 1095 2159; x_wconf 85' lang='lat' dir='ltr'><strong>ethnicam</strong></span> <span class='ocrx_word' id='word_1_169' title='bbox 1117 2100 1210 2160; x_wconf 89' lang='lat' dir='ltr'><strong>iilum</strong></span> 
     </span>
     <span class='ocr_line' id='line_1_19' title="bbox 79 2197 1213 2280; baseline -0.001 -18"><span class='ocrx_word' id='word_1_170' title='bbox 79 2203 211 2271; x_wconf 70' lang='lat' dir='ltr'><strong>sutiam,</strong></span> <span class='ocrx_word' id='word_1_171' title='bbox 232 2197 320 2280; x_wconf 83' lang='lat' dir='ltr'><strong>cujus</strong></span> <span class='ocrx_word' id='word_1_172' title='bbox 337 2199 441 2258; x_wconf 85' lang='lat' dir='ltr'><strong>¹solum</strong></span> <span class='ocrx_word' id='word_1_173' title='bbox 463 2197 599 2258; x_wconf 84' lang='lat' dir='ltr'><strong>tenuisse</strong></span> <span class='ocrx_word' id='word_1_174' title='bbox 617 2217 731 2257; x_wconf 86' lang='lat' dir='ltr'><strong>nomen</strong></span> <span class='ocrx_word' id='word_1_175' title='bbox 753 2198 875 2258; x_wconf 89' lang='lat' dir='ltr'><strong>abunde</strong></span> <span class='ocrx_word' id='word_1_176' title='bbox 889 2197 961 2259; x_wconf 87' lang='lat' dir='ltr'><strong>satis</strong></span> <span class='ocrx_word' id='word_1_177' title='bbox 982 2198 1031 2273; x_wconf 91' lang='lat' dir='ltr'><strong>sit,</strong></span> <span class='ocrx_word' id='word_1_178' title='bbox 1052 2213 1088 2258; x_wconf 89' lang='lat' dir='ltr'><strong>ut</strong></span> <span class='ocrx_word' id='word_1_179' title='bbox 1108 2199 1213 2272; x_wconf 74' lang='lat' dir='ltr'><strong>nari·-</strong></span> 
     </span>
     <span class='ocr_line' id='line_1_20' title="bbox 78 2293 1211 2381; baseline -0.001 -17"><span class='ocrx_word' id='word_1_180' title='bbox 78 2313 139 2364; x_wconf 81' lang='lat' dir='ltr'><strong>tam</strong></span> <span class='ocrx_word' id='word_1_181' title='bbox 154 2319 279 2381; x_wconf 79' lang='lat' dir='ltr'><strong>quoque</strong></span> <span class='ocrx_word' id='word_1_182' title='bbox 297 2297 420 2360; x_wconf 77' lang='lat' dir='ltr'><strong>referre</strong></span> <span class='ocrx_word' id='word_1_183' title='bbox 434 2297 547 2372; x_wconf 87' lang='lat' dir='ltr'><strong>libeat,</strong></span> <span class='ocrx_word' id='word_1_184' title='bbox 571 2295 638 2377; x_wconf 79' lang='lat' dir='ltr'><strong>ejus</strong></span> <span class='ocrx_word' id='word_1_185' title='bbox 656 2296 824 2372; x_wconf 87' lang='lat' dir='ltr'><strong>nimirum,</strong></span> <span class='ocrx_word' id='word_1_186' title='bbox 848 2297 912 2378; x_wconf 88' lang='lat' dir='ltr'><strong>qui,</strong></span> <span class='ocrx_word' id='word_1_187' title='bbox 935 2293 1022 2360; x_wconf 88' lang='lat' dir='ltr'><strong>omui</strong></span> <span class='ocrx_word' id='word_1_188' title='bbox 1040 2301 1211 2363; x_wconf 84' lang='lat' dir='ltr'><strong>libidinum</strong></span> 
     </span>
     <span class='ocr_line' id='line_1_21' title="bbox 77 2394 1211 2482; baseline 0 -22"><span class='ocrx_word' id='word_1_189' title='bbox 77 2396 274 2482; x_wconf 82' lang='lat' dir='ltr'><strong>turpitudine</strong></span> <span class='ocrx_word' id='word_1_190' title='bbox 295 2397 533 2471; x_wconf 82' lang='lat' dir='ltr'><strong>contaminatus,</strong></span> <span class='ocrx_word' id='word_1_191' title='bbox 556 2394 724 2457; x_wconf 81' lang='lat' dir='ltr'><strong>insatiabili</strong></span> <span class='ocrx_word' id='word_1_192' title='bbox 742 2397 878 2478; x_wconf 82' lang='lat' dir='ltr'><strong>pecunia</strong></span> <span class='ocrx_word' id='word_1_193' title='bbox 896 2397 1015 2478; x_wconf 87' lang='lat' dir='ltr'><strong>pariter</strong></span> <span class='ocrx_word' id='word_1_194' title='bbox 1035 2409 1066 2460; x_wconf 87' lang='lat' dir='ltr'><strong>et</strong></span> <span class='ocrx_word' id='word_1_195' title='bbox 1092 2401 1211 2480; x_wconf 84' lang='lat' dir='ltr'><strong>glorias</strong></span> 
     </span>
     <span class='ocr_line' id='line_1_22' title="bbox 77 2495 1210 2572; baseline 0.001 -10"><span class='ocrx_word' id='word_1_196' title='bbox 77 2502 127 2563; x_wconf 90' lang='lat' dir='ltr'><strong>siti</strong></span> <span class='ocrx_word' id='word_1_197' title='bbox 142 2523 163 2561; x_wconf 91' lang='lat' dir='ltr'><strong>a</strong></span> <span class='ocrx_word' id='word_1_198' title='bbox 181 2499 269 2562; x_wconf 88' lang='lat' dir='ltr'><strong>nulio</strong></span> <span class='ocrx_word' id='word_1_199' title='bbox 281 2497 422 2560; x_wconf 78' lang='lat' dir='ltr'><strong>facinore</strong></span> <span class='ocrx_word' id='word_1_200' title='bbox 436 2495 593 2572; x_wconf 85' lang='lat' dir='ltr'><strong>immunis,</strong></span> <span class='ocrx_word' id='word_1_201' title='bbox 606 2497 833 2557; x_wconf 79' lang='lat' dir='ltr'><strong>insanissimam</strong></span> <span class='ocrx_word' id='word_1_202' title='bbox 851 2497 1030 2559; x_wconf 89' lang='lat' dir='ltr'><strong>dominandi</strong></span> <span class='ocrx_word' id='word_1_203' title='bbox 1045 2499 1210 2562; x_wconf 86' lang='lat' dir='ltr'><strong>libidinem</strong></span> 
     </span>
     <span class='ocr_line' id='line_1_23' title="bbox 76 2597 1210 2676; baseline -0.001 -15"><span class='ocrx_word' id='word_1_204' title='bbox 76 2599 314 2662; x_wconf 86' lang='lat' dir='ltr'><strong>immittentibus</strong></span> <span class='ocrx_word' id='word_1_205' title='bbox 334 2597 445 2672; x_wconf 83' lang='lat' dir='ltr'><strong>furiis,</strong></span> <span class='ocrx_word' id='word_1_206' title='bbox 465 2605 621 2676; x_wconf 86' lang='lat' dir='ltr'><strong>postremo</strong></span> <span class='ocrx_word' id='word_1_207' title='bbox 642 2617 700 2658; x_wconf 87' lang='lat' dir='ltr'><strong>neo</strong></span> <span class='ocrx_word' id='word_1_208' title='bbox 715 2607 818 2658; x_wconf 81' lang='lat' dir='ltr'><strong>mense</strong></span> <span class='ocrx_word' id='word_1_209' title='bbox 834 2598 906 2658; x_wconf 87' lang='lat' dir='ltr'><strong>satis</strong></span> <span class='ocrx_word' id='word_1_210' title='bbox 925 2611 1077 2670; x_wconf 85' lang='lat' dir='ltr'><strong>constans,</strong></span> <span class='ocrx_word' id='word_1_211' title='bbox 1101 2602 1210 2662; x_wconf 79' lang='lat' dir='ltr'><strong>cibem</strong></span> 
     </span>
     <span class='ocr_line' id='line_1_24' title="bbox 76 2693 1211 2782; baseline -0.003 -19"><span class='ocrx_word' id='word_1_212' title='bbox 76 2715 231 2763; x_wconf 89' lang='lat' dir='ltr'><strong>terraram</strong></span> <span class='ocrx_word' id='word_1_213' title='bbox 258 2696 348 2758; x_wconf 83' lang='lat' dir='ltr'><strong>bellis</strong></span> <span class='ocrx_word' id='word_1_214' title='bbox 377 2693 644 2777; x_wconf 83' lang='lat' dir='ltr'><strong>perniciosissimis</strong></span> <span class='ocrx_word' id='word_1_215' title='bbox 671 2697 839 2774; x_wconf 87' lang='lat' dir='ltr'><strong>commisit,</strong></span> <span class='ocrx_word' id='word_1_216' title='bbox 881 2717 967 2758; x_wconf 85' lang='lat' dir='ltr'><strong>sacra</strong></span> <span class='ocrx_word' id='word_1_217' title='bbox 984 2701 1211 2782; x_wconf 75' lang='lat' dir='ltr'><strong>prophanaque</strong></span> 
     </span>
     <span class='ocr_line' id='line_1_25' title="bbox 78 2795 1211 2884; baseline 0.002 -22"><span class='ocrx_word' id='word_1_218' title='bbox 78 2795 364 2884; x_wconf 81' lang='lat' dir='ltr'><strong>omniaconiudit,</strong></span> <span class='ocrx_word' id='word_1_219' title='bbox 387 2815 484 2875; x_wconf 83' lang='lat' dir='ltr'><strong>eoque</strong></span> <span class='ocrx_word' id='word_1_220' title='bbox 504 2796 654 2876; x_wconf 85' lang='lat' dir='ltr'><strong>processit</strong></span> <span class='ocrx_word' id='word_1_221' title='bbox 674 2796 814 2881; x_wconf 72' lang='lat' dir='ltr'><strong>insania,</strong></span> <span class='ocrx_word' id='word_1_222' title='bbox 846 2808 881 2856; x_wconf 89' lang='lat' dir='ltr'><strong>ut</strong></span> <span class='ocrx_word' id='word_1_223' title='bbox 898 2797 1013 2878; x_wconf 81' lang='lat' dir='ltr'><strong>&#39;optimi</strong></span> <span class='ocrx_word' id='word_1_224' title='bbox 1034 2804 1117 2862; x_wconf 86' lang='lat' dir='ltr'><strong>cives</strong></span> <span class='ocrx_word' id='word_1_225' title='bbox 1147 2802 1211 2864; x_wconf 88' lang='lat' dir='ltr'><strong>sint</strong></span> 
     </span>
     <span class='ocr_line' id='line_1_26' title="bbox 76 2895 1209 2986; baseline 0 -24"><span class='ocrx_word' id='word_1_226' title='bbox 76 2899 186 2974; x_wconf 89' lang='lat' dir='ltr'><strong>babiti,</strong></span> <span class='ocrx_word' id='word_1_227' title='bbox 206 2897 261 2979; x_wconf 86' lang='lat' dir='ltr'><strong>qui</strong></span> <span class='ocrx_word' id='word_1_228' title='bbox 280 2896 372 2956; x_wconf 89' lang='lat' dir='ltr'><strong>iliam</strong></span> <span class='ocrx_word' id='word_1_229' title='bbox 387 2909 411 2954; x_wconf 79' lang='lat' dir='ltr'><strong>&#39;e</strong></span> <span class='ocrx_word' id='word_1_230' title='bbox 426 2895 529 2955; x_wconf 87' lang='lat' dir='ltr'><strong>medio</strong></span> <span class='ocrx_word' id='word_1_231' title='bbox 551 2895 754 2971; x_wconf 86' lang='lat' dir='ltr'><strong>sustulerunt,</strong></span> <span class='ocrx_word' id='word_1_232' title='bbox 775 2905 810 2958; x_wconf 88' lang='lat' dir='ltr'><strong>ut</strong></span> <span class='ocrx_word' id='word_1_233' title='bbox 825 2899 981 2979; x_wconf 90' lang='lat' dir='ltr'><strong>publicam</strong></span> <span class='ocrx_word' id='word_1_234' title='bbox 1002 2899 1132 2986; x_wconf 85' lang='lat' dir='ltr'><strong>humaui</strong></span> <span class='ocrx_word' id='word_1_235' title='bbox 1154 2919 1209 2982; x_wconf 87' lang='lat' dir='ltr'><strong>ge-</strong></span> 
     </span>
     <span class='ocr_line' id='line_1_27' title="bbox 76 2994 1211 3082; baseline 0.001 -21"><span class='ocrx_word' id='word_1_236' title='bbox 76 3000 161 3062; x_wconf 82' lang='lat' dir='ltr'><strong>neris</strong></span> <span class='ocrx_word' id='word_1_237' title='bbox 182 3007 309 3078; x_wconf 86' lang='lat' dir='ltr'><strong>pestem.</strong></span> <span class='ocrx_word' id='word_1_238' title='bbox 351 2994 439 3057; x_wconf 85' lang='lat' dir='ltr'><strong>Absit</strong></span> <span class='ocrx_word' id='word_1_239' title='bbox 460 2995 572 3076; x_wconf 85' lang='lat' dir='ltr'><strong>igitur,</strong></span> <span class='ocrx_word' id='word_1_240' title='bbox 601 3007 637 3056; x_wconf 90' lang='lat' dir='ltr'><strong>ut</strong></span> <span class='ocrx_word' id='word_1_241' title='bbox 666 2996 718 3057; x_wconf 89' lang='lat' dir='ltr'><strong>hic</strong></span> <span class='ocrx_word' id='word_1_242' title='bbox 748 2999 857 3058; x_wconf 80' lang='lat' dir='ltr'><strong>Julius</strong></span> <span class='ocrx_word' id='word_1_243' title='bbox 888 3001 975 3060; x_wconf 80' lang='lat' dir='ltr'><strong>Iulio</strong></span> <span class='ocrx_word' id='word_1_244' title='bbox 997 3001 1116 3082; x_wconf 85' lang='lat' dir='ltr'><strong>placcat</strong></span> <span class='ocrx_word' id='word_1_245' title='bbox 1152 3021 1211 3063; x_wconf 85' lang='lat' dir='ltr'><strong>an·</strong></span> 
     </span>
     <span class='ocr_line' id='line_1_28' title="bbox 76 3095 1210 3179; baseline 0.002 -18"><span class='ocrx_word' id='word_1_246' title='bbox 76 3101 203 3176; x_wconf 88' lang='lat' dir='ltr'><strong>diatque</strong></span> <span class='ocrx_word' id='word_1_247' title='bbox 222 3095 398 3179; x_wconf 83' lang='lat' dir='ltr'><strong>pestilentes</strong></span> <span class='ocrx_word' id='word_1_248' title='bbox 417 3095 608 3171; x_wconf 82' lang='lat' dir='ltr'><strong>adulatores,</strong></span> <span class='ocrx_word' id='word_1_249' title='bbox 628 3095 745 3156; x_wconf 79' lang='lat' dir='ltr'><strong>iuliani</strong></span> <span class='ocrx_word' id='word_1_250' title='bbox 763 3099 898 3159; x_wconf 88' lang='lat' dir='ltr'><strong>nominis</strong></span> <span class='ocrx_word' id='word_1_251' title='bbox 919 3121 1011 3161; x_wconf 88' lang='lat' dir='ltr'><strong>omen</strong></span> <span class='ocrx_word' id='word_1_252' title='bbox 1030 3100 1064 3162; x_wconf 89' lang='lat' dir='ltr'><strong>iu</strong></span> <span class='ocrx_word' id='word_1_253' title='bbox 1086 3101 1210 3163; x_wconf 89' lang='lat' dir='ltr'><strong>coelum</strong></span> 
     </span>
     <span class='ocr_line' id='line_1_29' title="bbox 76 3195 1210 3286; baseline 0.003 -27"><span class='ocrx_word' id='word_1_254' title='bbox 76 3199 233 3271; x_wconf 83' lang='lat' dir='ltr'><strong>tollentes,</strong></span> <span class='ocrx_word' id='word_1_255' title='bbox 254 3215 295 3256; x_wconf 86' lang='lat' dir='ltr'><strong>ne</strong></span> <span class='ocrx_word' id='word_1_256' title='bbox 314 3195 397 3256; x_wconf 83' lang='lat' dir='ltr'><strong>forte</strong></span> <span class='ocrx_word' id='word_1_257' title='bbox 418 3195 573 3286; x_wconf 79' lang='lat' dir='ltr'><strong>cordatius</strong></span> <span class='ocrx_word' id='word_1_258' title='bbox 592 3195 714 3276; x_wconf 86' lang='lat' dir='ltr'><strong>aliquis,</strong></span> <span class='ocrx_word' id='word_1_259' title='bbox 736 3196 819 3258; x_wconf 87' lang='lat' dir='ltr'><strong>vitae</strong></span> <span class='ocrx_word' id='word_1_260' title='bbox 837 3199 1075 3261; x_wconf 88' lang='lat' dir='ltr'><strong>similitudinem</strong></span> <span class='ocrx_word' id='word_1_261' title='bbox 1098 3222 1210 3283; x_wconf 86' lang='lat' dir='ltr'><strong>agnos-</strong></span> 
     </span>
     <span class='ocr_line' id='line_1_30' title="bbox 76 3295 1210 3380; baseline -0.004 -18"><span class='ocrx_word' id='word_1_262' title='bbox 76 3319 158 3372; x_wconf 86' lang='lat' dir='ltr'><strong>cens,</strong></span> <span class='ocrx_word' id='word_1_263' title='bbox 179 3297 298 3357; x_wconf 85' lang='lat' dir='ltr'><strong>exitum</strong></span> <span class='ocrx_word' id='word_1_264' title='bbox 320 3295 395 3355; x_wconf 88' lang='lat' dir='ltr'><strong>item</strong></span> <span class='ocrx_word' id='word_1_265' title='bbox 417 3295 551 3354; x_wconf 88' lang='lat' dir='ltr'><strong>similem</strong></span> <span class='ocrx_word' id='word_1_266' title='bbox 571 3295 770 3376; x_wconf 85' lang='lat' dir='ltr'><strong>imprecetur,</strong></span> <span class='ocrx_word' id='word_1_267' title='bbox 790 3297 844 3357; x_wconf 86' lang='lat' dir='ltr'><strong>sed</strong></span> <span class='ocrx_word' id='word_1_268' title='bbox 863 3299 990 3359; x_wconf 88' lang='lat' dir='ltr'><strong>Petrum</strong></span> <span class='ocrx_word' id='word_1_269' title='bbox 1011 3301 1070 3360; x_wconf 92' lang='lat' dir='ltr'><strong>sibi</strong></span> <span class='ocrx_word' id='word_1_270' title='bbox 1089 3320 1210 3380; x_wconf 88' lang='lat' dir='ltr'><strong>propo-</strong></span> 
     </span>
     <span class='ocr_line' id='line_1_31' title="bbox 76 3395 1211 3476; baseline 0 -16"><span class='ocrx_word' id='word_1_271' title='bbox 76 3408 130 3460; x_wconf 88' lang='lat' dir='ltr'><strong>nat</strong></span> <span class='ocrx_word' id='word_1_272' title='bbox 136 3395 220 3473; x_wconf 85' lang='lat' dir='ltr'><strong>,cui</strong></span> <span class='ocrx_word' id='word_1_273' title='bbox 239 3395 306 3476; x_wconf 91' lang='lat' dir='ltr'><strong>ipse</strong></span> <span class='ocrx_word' id='word_1_274' title='bbox 327 3405 395 3454; x_wconf 92' lang='lat' dir='ltr'><strong>tuas</strong></span> <span class='ocrx_word' id='word_1_275' title='bbox 417 3413 490 3454; x_wconf 84' lang='lat' dir='ltr'><strong>oves</strong></span> <span class='ocrx_word' id='word_1_276' title='bbox 510 3395 676 3475; x_wconf 85' lang='lat' dir='ltr'><strong>pascendas</strong></span> <span class='ocrx_word' id='word_1_277' title='bbox 695 3395 892 3471; x_wconf 89' lang='lat' dir='ltr'><strong>commisisti,</strong></span> <span class='ocrx_word' id='word_1_278' title='bbox 917 3400 971 3458; x_wconf 92' lang='lat' dir='ltr'><strong>sed</strong></span> <span class='ocrx_word' id='word_1_279' title='bbox 993 3419 1058 3460; x_wconf 88' lang='lat' dir='ltr'><strong>non</strong></span> <span class='ocrx_word' id='word_1_280' title='bbox 1078 3400 1141 3459; x_wconf 89' lang='lat' dir='ltr'><strong>nisi</strong></span> <span class='ocrx_word' id='word_1_281' title='bbox 1162 3409 1211 3460; x_wconf 88' lang='lat' dir='ltr'><strong>ter</strong></span> 
     </span>
     <span class='ocr_line' id='line_1_32' title="bbox 75 3493 1210 3578; baseline -0.001 -19"><span class='ocrx_word' id='word_1_282' title='bbox 75 3515 215 3559; x_wconf 87' lang='lat' dir='ltr'><strong>amorem</strong></span> <span class='ocrx_word' id='word_1_283' title='bbox 234 3493 393 3576; x_wconf 81' lang='lat' dir='ltr'><strong>professo,</strong></span> <span class='ocrx_word' id='word_1_284' title='bbox 423 3493 512 3574; x_wconf 84' lang='lat' dir='ltr'><strong>cujus</strong></span> <span class='ocrx_word' id='word_1_285' title='bbox 533 3493 610 3554; x_wconf 90' lang='lat' dir='ltr'><strong>hacc</strong></span> <span class='ocrx_word' id='word_1_286' title='bbox 631 3503 677 3552; x_wconf 88' lang='lat' dir='ltr'><strong>est</strong></span> <span class='ocrx_word' id='word_1_287' title='bbox 697 3513 770 3554; x_wconf 86' lang='lat' dir='ltr'><strong>vere</strong></span> <span class='ocrx_word' id='word_1_288' title='bbox 791 3495 952 3578; x_wconf 87' lang='lat' dir='ltr'><strong>pontificia</strong></span> <span class='ocrx_word' id='word_1_289' title='bbox 972 3519 1036 3559; x_wconf 83' lang='lat' dir='ltr'><strong>vox</strong></span> <span class='ocrx_word' id='word_1_290' title='bbox 1055 3498 1090 3559; x_wconf 90' lang='lat' dir='ltr'><strong>in</strong></span> <span class='ocrx_word' id='word_1_291' title='bbox 1111 3519 1210 3560; x_wconf 86' lang='lat' dir='ltr'><strong>evan-</strong></span> 
     </span>
     <span class='ocr_line' id='line_1_33' title="bbox 64 3591 1211 3678; baseline -0.002 -20"><span class='ocrx_word' id='word_1_292' title='bbox 64 3591 173 3678; x_wconf 69' lang='lat' dir='ltr'><strong>&gt;gerim</strong></span> <span class='ocrx_word' id='word_1_293' title='bbox 193 3595 292 3656; x_wconf 85' lang='lat' dir='ltr'><strong>Eccci</strong></span> <span class='ocrx_word' id='word_1_294' title='bbox 309 3615 366 3654; x_wconf 89' lang='lat' dir='ltr'><strong>nos</strong></span> <span class='ocrx_word' id='word_1_295' title='bbox 386 3593 571 3675; x_wconf 88' lang='lat' dir='ltr'><strong>reliquimus</strong></span> <span class='ocrx_word' id='word_1_296' title='bbox 583 3591 688 3652; x_wconf 87' lang='lat' dir='ltr'><strong>omnia</strong></span> <span class='ocrx_word' id='word_1_297' title='bbox 701 3601 731 3652; x_wconf 84' lang='lat' dir='ltr'><strong>et</strong></span> <span class='ocrx_word' id='word_1_298' title='bbox 751 3595 849 3654; x_wconf 87' lang='lat' dir='ltr'><strong>secuti</strong></span> <span class='ocrx_word' id='word_1_299' title='bbox 868 3616 973 3656; x_wconf 88' lang='lat' dir='ltr'><strong>sumus</strong></span> <span class='ocrx_word' id='word_1_300' title='bbox 987 3607 1026 3658; x_wconf 90' lang='lat' dir='ltr'><strong>te.</strong></span> <span class='ocrx_word' id='word_1_301' title='bbox 1069 3597 1163 3677; x_wconf 85' lang='lat' dir='ltr'><strong>Cujus</strong></span> <span class='ocrx_word' id='word_1_302' title='bbox 1177 3609 1211 3658; x_wconf 89' lang='lat' dir='ltr'><strong>et</strong></span> 
     </span>
     <span class='ocr_line' id='line_1_34' title="bbox 74 3683 1210 3776; baseline 0.001 -19"><span class='ocrx_word' id='word_1_303' title='bbox 74 3699 131 3757; x_wconf 87' lang='lat' dir='ltr'><strong>illa</strong></span> <span class='ocrx_word' id='word_1_304' title='bbox 150 3705 196 3758; x_wconf 86' lang='lat' dir='ltr'><strong>est</strong></span> <span class='ocrx_word' id='word_1_305' title='bbox 218 3713 294 3756; x_wconf 80' lang='lat' dir='ltr'><strong>vara</strong></span> <span class='ocrx_word' id='word_1_306' title='bbox 314 3683 444 3754; x_wconf 79' lang='lat' dir='ltr'><strong>maximi</strong></span> <span class='ocrx_word' id='word_1_307' title='bbox 470 3692 643 3774; x_wconf 81' lang='lat' dir='ltr'><strong>pontificias</strong></span> <span class='ocrx_word' id='word_1_308' title='bbox 684 3691 808 3753; x_wconf 79' lang='lat' dir='ltr'><strong>Aurum</strong></span> <span class='ocrx_word' id='word_1_309' title='bbox 836 3703 867 3753; x_wconf 90' lang='lat' dir='ltr'><strong>et</strong></span> <span class='ocrx_word' id='word_1_310' title='bbox 893 3705 1054 3776; x_wconf 84' lang='lat' dir='ltr'><strong>argentum</strong></span> <span class='ocrx_word' id='word_1_311' title='bbox 1076 3717 1140 3758; x_wconf 87' lang='lat' dir='ltr'><strong>non</strong></span> <span class='ocrx_word' id='word_1_312' title='bbox 1164 3706 1210 3758; x_wconf 88' lang='lat' dir='ltr'><strong>eat</strong></span> 
     </span>
     <span class='ocr_line' id='line_1_35' title="bbox 75 3791 1207 3876; baseline -0.002 -17"><span class='ocrx_word' id='word_1_313' title='bbox 75 3817 212 3870; x_wconf 84' lang='lat' dir='ltr'><strong>mecam,</strong></span> <span class='ocrx_word' id='word_1_314' title='bbox 234 3793 318 3876; x_wconf 85' lang='lat' dir='ltr'><strong>quod</strong></span> <span class='ocrx_word' id='word_1_315' title='bbox 337 3803 440 3854; x_wconf 85' lang='lat' dir='ltr'><strong>autem</strong></span> <span class='ocrx_word' id='word_1_316' title='bbox 461 3793 576 3861; x_wconf 86' lang='lat' dir='ltr'><strong>habeo,</strong></span> <span class='ocrx_word' id='word_1_317' title='bbox 600 3792 660 3852; x_wconf 91' lang='lat' dir='ltr'><strong>hoc</strong></span> <span class='ocrx_word' id='word_1_318' title='bbox 680 3791 739 3851; x_wconf 88' lang='lat' dir='ltr'><strong>tibi</strong></span> <span class='ocrx_word' id='word_1_319' title='bbox 761 3791 810 3852; x_wconf 86' lang='lat' dir='ltr'><strong>do.</strong></span> <span class='ocrx_word' id='word_1_320' title='bbox 853 3795 1014 3876; x_wconf 86' lang='lat' dir='ltr'><strong>Quantum</strong></span> <span class='ocrx_word' id='word_1_321' title='bbox 1035 3797 1147 3857; x_wconf 88' lang='lat' dir='ltr'><strong>absunt</strong></span> <span class='ocrx_word' id='word_1_322' title='bbox 1168 3796 1207 3857; x_wconf 85' lang='lat' dir='ltr'><strong>ab</strong></span> 
     </span>
     <span class='ocr_line' id='line_1_36' title="bbox 75 3891 1209 3974; baseline -0.001 -17"><span class='ocrx_word' id='word_1_323' title='bbox 75 3897 132 3957; x_wconf 89' lang='lat' dir='ltr'><strong>hac</strong></span> <span class='ocrx_word' id='word_1_324' title='bbox 156 3893 340 3971; x_wconf 83' lang='lat' dir='ltr'><strong>excellentia</strong></span> <span class='ocrx_word' id='word_1_325' title='bbox 358 3893 455 3968; x_wconf 85' lang='lat' dir='ltr'><strong>Petri,</strong></span> <span class='ocrx_word' id='word_1_326' title='bbox 478 3894 542 3973; x_wconf 87' lang='lat' dir='ltr'><strong>qui,</strong></span> <span class='ocrx_word' id='word_1_327' title='bbox 561 3891 774 3974; x_wconf 89' lang='lat' dir='ltr'><strong>spiritualibus</strong></span> <span class='ocrx_word' id='word_1_328' title='bbox 788 3893 878 3954; x_wconf 87' lang='lat' dir='ltr'><strong>bonis</strong></span> <span class='ocrx_word' id='word_1_329' title='bbox 893 3895 1020 3956; x_wconf 89' lang='lat' dir='ltr'><strong>omuino</strong></span> <span class='ocrx_word' id='word_1_330' title='bbox 1035 3894 1137 3970; x_wconf 86' lang='lat' dir='ltr'><strong>vacui,</strong></span> <span class='ocrx_word' id='word_1_331' title='bbox 1159 3905 1209 3956; x_wconf 87' lang='lat' dir='ltr'><strong>ta-</strong></span> 
     </span>
     <span class='ocr_line' id='line_1_37' title="bbox 74 3991 1210 4076; baseline -0.001 -20"><span class='ocrx_word' id='word_1_332' title='bbox 74 4017 147 4057; x_wconf 88' lang='lat' dir='ltr'><strong>men</strong></span> <span class='ocrx_word' id='word_1_333' title='bbox 167 3995 275 4056; x_wconf 87' lang='lat' dir='ltr'><strong>titulos</strong></span> <span class='ocrx_word' id='word_1_334' title='bbox 296 3995 443 4074; x_wconf 88' lang='lat' dir='ltr'><strong>quosdam</strong></span> <span class='ocrx_word' id='word_1_335' title='bbox 465 4003 496 4052; x_wconf 87' lang='lat' dir='ltr'><strong>et</strong></span> <span class='ocrx_word' id='word_1_336' title='bbox 516 4012 602 4054; x_wconf 86' lang='lat' dir='ltr'><strong>mera</strong></span> <span class='ocrx_word' id='word_1_337' title='bbox 621 3991 744 4072; x_wconf 85' lang='lat' dir='ltr'><strong>pietatis</strong></span> <span class='ocrx_word' id='word_1_338' title='bbox 764 3994 1030 4076; x_wconf 82' lang='lat' dir='ltr'><strong>vocabulamagni</strong></span> <span class='ocrx_word' id='word_1_339' title='bbox 1052 3997 1210 4068; x_wconf 78' lang='lat' dir='ltr'><strong>rendunt,</strong></span> 
     </span>
     <span class='ocr_line' id='line_1_38' title="bbox 73 4091 1208 4175; baseline -0.001 -18"><span class='ocrx_word' id='word_1_340' title='bbox 73 4119 108 4158; x_wconf 90' lang='lat' dir='ltr'><strong>ac</strong></span> <span class='ocrx_word' id='word_1_341' title='bbox 130 4107 252 4158; x_wconf 88' lang='lat' dir='ltr'><strong>tantum</strong></span> <span class='ocrx_word' id='word_1_342' title='bbox 272 4094 333 4154; x_wconf 89' lang='lat' dir='ltr'><strong>hoc</strong></span> <span class='ocrx_word' id='word_1_343' title='bbox 352 4103 538 4174; x_wconf 83' lang='lat' dir='ltr'><strong>congerunt,</strong></span> <span class='ocrx_word' id='word_1_344' title='bbox 561 4093 644 4173; x_wconf 88' lang='lat' dir='ltr'><strong>quod</strong></span> <span class='ocrx_word' id='word_1_345' title='bbox 666 4091 786 4172; x_wconf 81' lang='lat' dir='ltr'><strong>&#39;primus</strong></span> <span class='ocrx_word' id='word_1_346' title='bbox 808 4093 864 4152; x_wconf 87' lang='lat' dir='ltr'><strong>ilie</strong></span> <span class='ocrx_word' id='word_1_347' title='bbox 886 4105 991 4175; x_wconf 89' lang='lat' dir='ltr'><strong>pastor</strong></span> <span class='ocrx_word' id='word_1_348' title='bbox 1008 4115 1041 4156; x_wconf 87' lang='lat' dir='ltr'><strong>ae</strong></span> <span class='ocrx_word' id='word_1_349' title='bbox 1062 4116 1127 4158; x_wconf 86' lang='lat' dir='ltr'><strong>non</strong></span> <span class='ocrx_word' id='word_1_350' title='bbox 1148 4097 1208 4156; x_wconf 87' lang='lat' dir='ltr'><strong>ha-</strong></span> 
     </span>
     <span class='ocr_line' id='line_1_39' title="bbox 72 4191 1280 4276; baseline -0.001 -19"><span class='ocrx_word' id='word_1_351' title='bbox 72 4198 146 4257; x_wconf 89' lang='lat' dir='ltr'><strong>bere</strong></span> <span class='ocrx_word' id='word_1_352' title='bbox 167 4195 327 4276; x_wconf 86' lang='lat' dir='ltr'><strong>gloriatur.</strong></span> <span class='ocrx_word' id='word_1_353' title='bbox 369 4196 472 4271; x_wconf 88' lang='lat' dir='ltr'><strong>Quam</strong></span> <span class='ocrx_word' id='word_1_354' title='bbox 492 4191 676 4266; x_wconf 87' lang='lat' dir='ltr'><strong>absurdum,</strong></span> <span class='ocrx_word' id='word_1_355' title='bbox 698 4201 734 4252; x_wconf 88' lang='lat' dir='ltr'><strong>ut</strong></span> <span class='ocrx_word' id='word_1_356' title='bbox 752 4194 899 4275; x_wconf 88' lang='lat' dir='ltr'><strong>pauperis</strong></span> <span class='ocrx_word' id='word_1_357' title='bbox 919 4195 1036 4256; x_wconf 85' lang='lat' dir='ltr'><strong>Christi</strong></span> <span class='ocrx_word' id='word_1_358' title='bbox 1069 4196 1209 4258; x_wconf 79' lang='lat' dir='ltr'><strong>vicarius</strong></span> <span class='ocrx_word' id='word_1_359' title='bbox 1277 4192 1280 4197; x_wconf 71' lang='grc'><strong>’</strong></span> 
     </span>
     <span class='ocr_line' id='line_1_40' title="bbox 71 4273 1224 4382; baseline -0.002 -24"><span class='ocrx_word' id='word_1_360' title='bbox 71 4307 195 4378; x_wconf 88' lang='lat' dir='ltr'><strong>practer</strong></span> <span class='ocrx_word' id='word_1_361' title='bbox 214 4273 327 4358; x_wconf 69' lang='lat' dir='ltr'><strong>aaran</strong></span> <span class='ocrx_word' id='word_1_362' title='bbox 348 4292 431 4355; x_wconf 87' lang='lat' dir='ltr'><strong>nihil</strong></span> <span class='ocrx_word' id='word_1_363' title='bbox 453 4293 582 4371; x_wconf 87' lang='lat' dir='ltr'><strong>habeat,</strong></span> <span class='ocrx_word' id='word_1_364' title='bbox 604 4300 773 4355; x_wconf 79' lang='lat' dir='ltr'><strong>astantum</strong></span> <span class='ocrx_word' id='word_1_365' title='bbox 794 4293 906 4356; x_wconf 87' lang='lat' dir='ltr'><strong>habeat</strong></span> <span class='ocrx_word' id='word_1_366' title='bbox 925 4296 1013 4371; x_wconf 89' lang='lat' dir='ltr'><strong>auri,</strong></span> <span class='ocrx_word' id='word_1_367' title='bbox 1044 4303 1081 4356; x_wconf 90' lang='lat' dir='ltr'><strong>ut</strong></span> <span class='ocrx_word' id='word_1_368' title='bbox 1100 4295 1224 4382; x_wconf 60' lang='lat' dir='ltr'><strong>Scatra-⁴</strong></span> 
     </span>
    </p>
   </div>
   <div class='ocr_carea' id='block_1_3' title="bbox 0 0 1424 4718">
    <p class='ocr_par' dir='ltr' id='par_1_3' title="bbox 0 0 1424 4718">
     <span class='ocr_line' id='line_1_41' title="bbox 0 0 1424 4718; baseline 0 1"><span class='ocrx_word' id='word_1_369' title='bbox 0 0 1424 4718; x_wconf 95' lang='lat' dir='ltr'><strong> </strong></span> 
     </span>
    </p>
   </div>
  </div>
 </body>
</html>
