2896 4716
166 299 281 378 'em
575 313 975 404 er1sronnu

217 478 361 533 metrum.
421 469 462 530 Et
480 489 535 532 vos
560 468 668 532 risisti·
696 467 822 538 intime,
853 480 886 532 et
905 477 1125 552 consequenter
1154 467 1222 532 dixi
1241 470 1341 545 robis,

217 569 350 649 qualitor
358 568 412 628 ille
419 569 510 649 piscis
519 579 564 628 est
576 570 610 630 in
622 587 731 648 mogus
742 569 830 650 copis
841 569 1003 653 apudnos:
1024 581 1054 630 et
1065 588 1163 644 uuus,
1180 568 1234 648 qui
1243 583 1289 630 est
1298 571 1343 630 ita

216 667 327 748 longus
335 669 414 728 sicut
423 666 581 727 brachium
593 685 707 743 meum,
722 668 779 728 vix
789 669 882 730 solvit
889 688 986 728 uuum
993 687 1148 748 grumum
1165 667 1342 730 etdixistis:

218 766 247 827 0
263 769 365 839 Deus,
384 766 412 850 si
432 785 563 826 essemus
573 764 634 826 ibi!
655 777 687 826 et
700 787 772 847 ergo
786 766 977 848 beriuptuvi,
997 766 1079 846 quod
1091 768 1194 828 essetis
1209 783 1342 828 meeum.

215 864 307 924 Dixit
327 873 428 924 autem
448 865 538 952 Pater
559 883 661 923 meus:
690 864 807 938 credis,
828 865 910 946 quod
933 863 1024 926 etism
1043 884 1108 926 non
1127 865 1219 927 hebet
1240 865 1341 946 pisces

215 961 386 1022 Coloniae?
406 962 484 1022 Dixi
497 961 543 1031 ei,
564 961 647 1042 quod
664 963 762 1043 pisces
774 964 1003 1024 Colonisesunt
1022 962 1057 1022 in
1078 983 1149 1024 earo
1165 964 1246 1024 foro.
1276 965 1341 1024 Sed

213 1059 375 1140 scripsistis
391 1061 487 1135 mibi,
509 1061 591 1141 quod
611 1062 768 1139 negotium
787 1074 924 1123 vestrum
945 1080 1009 1120 uon
1029 1061 1107 1122 bene
1127 1071 1194 1136 stet,
1214 1074 1245 1123 et
1257 1064 1339 1124 male

214 1158 354 1239 procedit
373 1160 460 1220 vobis
480 1160 516 1222 in
537 1159 614 1219 urbe
624 1159 744 1233 Roma,
772 1158 898 1240 etquod
917 1160 1052 1220 fautores
1068 1160 1193 1221 Joennis
1210 1162 1341 1228 Reueh-

212 1256 259 1318 lr'n
288 1257 407 1319 fuciunt
425 1257 524 1336 .v,⁰bi³
553 1276 676 1336 mugnus
707 1259 874 1318 instantius.
935 1257 1060 1320 Debstis
1094 1258 1172 1318 mibi
1201 1262 1350 1329 credere„

213 1357 297 1436 quod
326 1357 369 1416 ita
394 1356 485 1415 doleo
510 1354 549 1414 de
578 1355 681 1428 vobis,
716 1355 796 1415 sicut
818 1355 920 1416 essetis
939 1367 1037 1416 meter
1054 1377 1138 1418 mes:
1163 1357 1217 1418 sed
1236 1379 1338 1440 spero,

212 1453 295 1534 quod
316 1453 471 1514 Dominus
491 1455 577 1512 Deus
597 1452 681 1514 dubit
698 1454 931 1532 benignitatem,
966 1466 996 1517 et
1018 1465 1099 1518 terre
1130 1465 1232 1516 nostra
1252 1457 1339 1518 debit

211 1552 349 1614 fructum
369 1569 485 1614 suum.t
529 1550 563 1610 ld
584 1565 646 1626 est,
682 1571 737 1612 vos
759 1551 958 1614 colonienses
971 1553 1139 1636 Theologi,
1176 1564 1338 1634 postquem

174 1669 178 1678 ·
211 1651 416 1738 combussistis
435 1651 532 1711 libros
557 1650 770 1724 hoereticules,
798 1651 1022 1713 fructificabilis
1048 1652 1083 1714 iu
1109 1653 1245 1714 Ecclesia
1263 1653 1337 1726 Dei,

210 1748 433 1830 praedicando,
456 1749 715 1828 argumentando,
749 1750 932 1830 disputando
951 1770 1046 1811 novus
1067 1751 1227 1819 materies,
1259 1751 1338 1810 scri-

211 1849 313 1909 bendo
335 1859 366 1909 et
385 1847 459 1908 ulia
478 1847 631 1908 faciendo.
665 1849 717 1907 Sic
737 1847 830 1908 faciat
849 1848 932 1908 filius
950 1848 1012 1908 Dei
1034 1848 1188 1924 Christus,
1221 1850 1276 1927 qui
1296 1849 1338 1908 sit

134 1991 139 2004 .
210 1947 299 2010 vobis
320 1948 452 2009 clemens
474 1957 505 2007 et
524 1946 685 2028 propitius.
732 1947 842 2009 Amen.
882 1949 982 2010 Datne
1003 1948 1111 2008 Berlin
1130 1948 1165 2009 in
1185 1948 1336 2022 Marcbis,
1438 1999 1439 2014 ,

210 2046 266 2108 ubi
281 2057 353 2110 sunt
362 2048 443 2110 bona
453 2044 589 2126 pisculis.

359 2287 409 2346 M.
428 2279 619 2344 Berttoldus
639 2282 818 2344 Hacestroh
837 2285 885 2344 M.
909 2283 1043 2343 Ortuino
1067 2285 1185 2344 Gratis.

291 2448 499 2514 Dilectionem
511 2449 710 2512 fraternalem
717 2448 786 2508 loco
794 2448 913 2508 salutis!
935 2449 1136 2510 Honorabilis
1145 2443 1216 2524 vir,'
1224 2468 1336 2510 secuu-

211 2548 287 2610 dum
305 2549 388 2629 quod
408 2549 523 2630 reliqui
543 2549 721 2622 vobiscum,
742 2547 825 2627 quod
846 2547 917 2608 volo
933 2549 1020 2608 vobis
1038 2549 1196 2610 notificare
1213 2549 1336 2628 singule

212 2657 243 2708 et
262 2648 396 2708 seribere
415 2647 568 2729 quomodo
583 2657 646 2719 sto,
666 2645 889 2717 scinderetis,
909 2645 993 2725 quod
1004 2667 1088 2707 nune
1103 2666 1171 2707 sum
1183 2667 1243 2726 per
1257 2648 1335 2708 duos

208 2763 328 2807 menses
347 2746 383 2806 in
403 2746 479 2806 urbe
498 2747 614 2818 Rome,
635 2754 665 2804 et
685 2763 749 2804 non
769 2764 892 2824 possum
912 2744 1026 2805 hebere
1045 2745 1221 2805 Patronum.
1244 2746 1334 2808 Unus

209 2844 345 2907 Auditor
364 2845 482 2906 Romae
496 2844 598 2906 voluit
614 2863 664 2902 me
679 2842 849 2921 suscipere,
886 2852 960 2902 tunc
976 2842 1026 2902 foi
1050 2843 1162 2916 laetus,
1198 2853 1229 2906 et
1245 2844 1333 2904 dixi:

177 3005 182 3022 ¹
208 2944 294 3004 Bene
311 2951 368 3016 est,
388 2941 540 3010 Domine,
575 2940 871 3021 sedmagnilicentis
896 2950 997 3000 restra
1016 2941 1093 3002 velit
1118 2941 1198 3002 mibi
1219 2940 1332 3014 dicere,
1437 3011 1438 3024 ἶ

210 3041 285 3122 quid
293 3041 389 3102 debeo
404 3041 516 3102 facere.
543 3041 729 3122 Respondit,
741 3039 823 3118 quod
833 3039 928 3099 debeo
945 3059 1009 3098 esse
1021 3038 1055 3100 iu
1069 3041 1187 3101 stabulo
1195 3051 1225 3102 et
1233 3059 1332 3100 unum

208 3139 327 3200 mulum
335 3159 458 3201 servare
466 3132 500 3198 iu
510 3140 627 3214 ordine,
636 3139 770 3200 dandoei
783 3139 942 3198 comedere
952 3147 983 3196 et
991 3137 1103 3216 bibere,
1113 3139 1332 3220 etstrigilaudo
1437 3135 1438 3210 l

158 3233 161 3242 ¹
209 3250 240 3300 et
256 3239 492 3300 mundificando.
532 3239 572 3298 Et
584 3239 706 3318 quondo
719 3238 784 3318 ipse
808 3237 877 3298 vult
896 3235 1046 3315 equitare,
1077 3237 1159 3316 quod
1179 3238 1218 3298 sit
1238 3259 1333 3317 pura-
1437 3227 1438 3250 ¹

143 3378 146 3386 ,
208 3348 274 3413 tus,
295 3347 325 3398 et
343 3337 452 3400 hebeat
468 3340 593 3400 frenum
617 3350 648 3398 et
665 3337 791 3409 sellum,
817 3344 858 3394 ‘et
880 3334 992 3394 omnia.
1053 3336 1094 3395 Et
1110 3345 1214 3416 postea
1233 3335 1331 3396 dobeo

207 3456 332 3496 currere
348 3457 418 3498 eum
440 3457 477 3497 eo
489 3437 529 3498 ad
545 3437 750 3510 audientiam,
771 3443 802 3494 et
814 3435 927 3493 iterum
945 3433 985 3492 ad
997 3433 1129 3494 domum.
1171 3433 1235 3516 Ego
1252 3434 1330 3508 dixi,

207 3535 290 3617 quod
310 3555 374 3596 non
395 3546 440 3597 est
461 3557 518 3617 pro
536 3557 602 3610 me,
640 3535 712 3616 quia
731 3553 799 3592 sum
818 3532 966 3611 Magister
984 3533 1109 3594 Artium
1129 3533 1277 3594 Coloniae
1300 3543 1331 3590 et

207 3655 272 3698 non
289 3654 412 3715 possum
432 3637 506 3696 telis
519 3637 628 3696 fecere.
692 3629 862 3712 Respondit
878 3629 960 3710 ipse:
1005 3631 1127 3692 Sinon
1147 3632 1197 3692 vis
1214 3632 1329 3703 lucere,

163 3789 172 3810 ,
199 3747 294 3812 ,tuum
315 3734 469 3795 damnum.
520 3735 561 3795 Et
590 3735 633 3794 sio
653 3732 760 3804 credo,
791 3729 874 3810 qnod
891 3731 964 3789 volo
985 3729 1099 3790 iterum
1128 3729 1168 3790 ad
1186 3729 1328 3809 patriam.

205 3832 361 3894 Deberem
383 3832 534 3912 strigilere
557 3825 697 3906 mulum,
735 3839 764 3888 et
784 3847 916 3908 purgare
936 3829 1110 3891 stabulum?
1141 3849 1198 3910 ego
1221 3829 1326 3910 potius

205 3932 337 4029 vellem,
362 3932 457 4010 -quod
485 3931 623 3992 diabolus
652 3929 789 3990 auferret
815 3926 905 3987 illum
943 3929 1064 3988 mulum
1097 3948 1167 3988 cum
1197 3929 1327 3990 stabulo.
1436 3997 1437 4002 ἵ

204 4029 304 4090 Etiam
312 4032 419 4104 uredo,
439 4031 522 4110 quod
538 4041 614 4091 esset
633 4042 737 4089 contra
748 4025 1079 4088 statutaUniversitstis
1095 4038 1232 4088 nostrae:
1255 4027 1328 4106 quia

205 4128 351 4208 Magister
371 4127 462 4188 debet
479 4149 511 4189 se
532 4139 637 4190 tenere
655 4130 733 4189 sicut
753 4126 912 4207 Magister,
935 4136 966 4186 et
986 4139 1063 4188 esset
1077 4147 1220 4206 magnum
1236 4125 1335 4186 scsn-‘

204 4227 309 4288 delum
327 4223 555 4304 Univo'rsitstis,
590 4229 673 4310 quod
697 4225 844 4311 Magister
866 4225 1056 4292 Coloniensis
1074 4227 1199 4288 deberet
1218 4227 1326 4288 fecere
