2896 4716
395 267 942 382 onscnn.v1non
1154 319 1219 388 sss

94 493 163 535 men
183 491 250 534 non
269 470 399 534 deberet
410 473 504 534 irasci
523 487 616 555 super
635 493 706 548 vos,
743 473 816 556 qnia
840 495 896 536 vos
917 493 981 536 non
995 471 1120 535 bebetis
1138 497 1220 538 uxo-

95 595 174 647 rem,
210 585 243 633 et
270 593 337 632 non
369 573 549 634 habentibns'
578 574 722 634 debemus
746 573 915 654 impertire.
977 575 1093 635 Audivi
1115 575 1219 642 etism,

95 673 175 753 qnod
194 671 379 754 supponitis
395 673 537 732 ancillam
566 671 760 752 Impressoris
780 673 931 756 Quentel‚
973 673 1016 732 ite
1038 674 1122 752 quod
1143 673 1222 737 feeit

93 793 243 852 puerum;
281 773 344 832 boc
362 791 426 830 non
447 771 596 832 deberetis
620 771 738 844 fecere,
767 771 882 830 scilieet
903 770 1008 832 forare
1029 791 1112 832 nova
1131 773 1223 834 fons-

95 871 190 932 mins:
212 891 270 951 ego
293 889 418 949 semper
433 889 548 930 menen
564 889 633 930 cnm
656 869 803 952 antiquis,
819 889 902 949 ‘quse
920 889 984 928 non
1004 869 1124 931 iaciant
1138 891 1220 951 pne-

95 989 161 1044 ros3
198 969 331 1030 sedhic
352 967 743 1049 bebeenequesntiquss,
781 987 881 1048 usque
902 987 1012 1042 novas,
1050 987 1123 1048 ergo
1144 970 1218 1031 volo

95 1067 196 1126 redire
212 1069 248 1128 in
261 1066 443 1140 'Almaniam
452 1110 462 1142 ‚
475 1065 561 1154 ¹sicut
579 1085 677 1148 spere.
736 1067 845 1128 Valete
864 1065 1015 1142 tamdiu,
1036 1065 1135 1130 donce
1155 1089 1219 1132 una

95 1166 375 1249 elendsponderat
397 1176 526 1228 centum.
534 1167 662 1246 talenta.
684 1168 724 1226 D.
745 1167 783 1227 K.

195 1335 357 1413 Magister
375 1337 508 1395 Ioannes
524 1336 627 1412 Crnpp
642 1335 688 1394 M.
704 1332 837 1392 Ortus'no
854 1311 1113 1392 Grutiosaluiem.
1164 1319 1185 1334 ”
1216 1320 1223 1336 ’

163 1456 358 1532 ’Βοῐηίηαῑὶο
378 1467 480 1531 restra
492 1469 598 1530 scribit
616 1468 710 1538 mibi,
732 1467 866 1548 qualiter
882 1468 971 1529 valde
989 1467 1092 1548 gavise
1114 1476 1159 1527 est
1178 1466 1218 1528 ds

92 1567 234 1647 Epistola
253 1591 321 1630 meu
342 1569 502 1646 carminuli
523 1588 624 1648 nuper
644 1569 825 1646 compilata,
847 1578 877 1628 ct
896 1567 1041 1641 scribitis,
1057 1567 1141 1647 qnod
1161 1567 1217 1628 vix

92 1666 215 1728 vidistis
235 1669 384 1742 similem,
407 1679 437 1727 ct
457 1669 536 1728 sicut
556 1667 712 1746 intelligo,
733 1667 814 1746 quod
836 1655 956 1748 semper
976 1667 1019 1727 ita
1034 1666 1137 1726 debeo
1159 1687 1217 1726 vo-

91 1765 143 1826 bis
164 1768 312 1828 scribere:
350 1767 404 1827 sed
426 1761 493 1826 dico
514 1766 616 1838 vobis,
638 1766 827 1826 sicut'etiam
848 1767 977 1852 ipsemet
997 1755 1101 1839 scitis,
1134 1765 1218 1844 quod

91 1885 161 1925 non
185 1875 231 1925 est
249 1866 409 1947 possibile,
447 1863 529 1944 quod
550 1885 628 1926 nnus
648 1885 768 1952 semper
789 1865 864 1924 facit
880 1865 1032 1926 carmina:
1062 1884 1116 1925 vos
1136 1861 1221 1926 bene

93 1953 177 2023 scitis
198 1964 360 2040 devehis,
403 1965 526 2047 qnando
547 1965 616 2024 estis
644 1965 734 2025 valde
755 1963 920 2040 facundus,
962 1973 993 2024 et
1014 1963 1095 2024 scitis
1116 1963 1218 2027 iecere

92 2061 228 2142 pluralia
247 2074 355 2123 metra.
398 2063 515 2124 Tamen
535 2084 598 2124 non
620 2083 741 2150 semper
760 2064 883 2137 oleum,
910 2051 1219 2124 sieut'communiter

93 2161 225 2236 dicitur,
266 2171 297 2221 et
317 2162 482 2244 aliquando
504 2165 573 2224 estis
592 2165 770 2224 luxuriosus
790 2162 833 2223 ad,
851 2171 962 2235 metra,
995 2163 1158 2243 aliquando
1180 2162 1219 2222 sd

91 2279 214 2339 prosas,
237 2269 268 2320 et
287 2263 452 2336 recordor,
488 2263 569 2342 quod
592 2261 687 2321 semel
707 2260 773 2320 dixi
796 2261 886 2321 vobis·
902 2258 1064 2338 Coloniae:
1090 2263 1130 2320 D.
1155 2262 1219 2322 Or·

92 2359 198 2435 tuine,
221 2359 342 2420 fecistis
362 2371 464 2420 tamen
486 2362 610 2442 aliquod
632 2381 754 2419 carmen
777 2361 947 2420 metricum.
1008 2359 1220 2440 Respondistis

90 2458 190 2518 mihi:
224 2479 290 2518 uon
311 2459 406 2548 buben
424 2480 480 2540 pro
502 2479 585 2521 nunc
607 2458 799 2540 Apollinem,
826 2469 857 2518 et
878 2458 997 2518 dixistis
1017 2459 1114 2534 mibi,
1136 2455 1220 2540 quod

29 2598 32 2603 -
89 2556 267 2636 aliquando
286 2557 322 2616 in
348 2548 446 2618 decem
468 2559 575 2619 diebus
604 2559 660 2619 vix
685 2558 812 2640 potestis
839 2558 942 2618 faeere
970 2578 1068 2618 unum
1103 2560 1220 2619 benum

89 2667 266 2730 metrum‚'
295 2657 365 2736 quia
386 2679 436 2718 aer
455 2678 519 2718 non
539 2643 670 2739 patitur,
713 2668 745 2718 et
767 2665 887 2738 oportet
908 2667 1068 2736 expectare
1090 2667 1219 2740 tempus.

89 2755 188 2816 Unde
213 2754 362 2816 Ovidius:
406 2759 559 2837 Tempore
579 2756 741 2829 labuntur,
778 2757 937 2835 tacitisque
957 2756 1143 2818 senescimus
1162 2777 1220 2818 un·

91 2855 167 2915 nis„
214 2855 279 2934 Ego
309 2855 430 2935 qnando
451 2856 550 2916 semel·
565 2856 663 2916 babeo
692 2857 807 2916 benum
829 2854 1021 2934 Apollinem,
1050 2865 1127 2920 tuuc
1146 2855 1219 2916 volo

93 2954 213 3013 dietam
232 2975 367 3032 unum„
381 2965 411 3015 et
428 2957 549 3016 mittere
567 2955 689 3016 vobis..
726 2953 826 3014 Etiam
849 2952 980 3015 scribitis
1010 2955 1104 3030 mibi,
1135 2955 1222 3037 quod

93 3054 192 3112 debeo
216 3054 303 3114 vobis
332 3053 476 3114 intimare
502 3054 617 3132 aliquas
646 3055 813 3131 novitates:
853 3053 908 3114 sed
927 3054 1009 3116 nihil
1028 3055 1107 3130 scio,
1148 3055 1220 3132 nisi,

95 3152 179 3232 quud
199 3162 274 3212 sunt
291 3151 344 3212 hie
364 3161 427 3210 tres
448 3153 631 3212 excellentes
645 3153 814 3233 Theologi,
835 3153 890 3232 qui
904 3153 1018 3216 hebent
1038 3175 1148 3236 magne
1160 3174 1220 3216 no-

95 3252 180 3310 mina
200 3251 468 3324 interdlmenos,
489 3261 519 3309 et
537 3251 654 3311 faciunt
673 3251 761 3310 nobis
780 3253 892 3312 bonam
910 3252 1043 3326 famam,
1066 3262 1097 3314 et
1111 3252 1220 3312 lauda·

96 3351 192 3408 bilem
212 3369 271 3428 per
290 3359 384 3408 totam
407 3349 542 3408 (lusiam.
583 3352 669 3410 Duos
687 3350 771 3412 forte
790 3353 869 3412 bene
889 3351 1030 3412 novistis:
1059 3351 1221 3434 Reyeseu·

98 3449 171 3507 dum
192 3457 315 3526 patrem
334 3447 503 3527 Dominum
523 3449 703 3528 Magistrum
725 3463 865 3510 nostrum
892 3449 1036 3510 Iacobum
1063 3447 1102 3508 de
1135 3449 1222 3532 liupg-

99 3551 245 3618 strsten,'
271 3546 366 3605 latine
398 3546 509 3606 dicitur
544 3550 605 3607 alta
631 3548 748 3626 platea,
771 3555 825 3610 ,et
841 3546 1011 3608 Dominum
1037 3544 1222 3626 Magistrum

98 3655 241 3704 nostrum
263 3645 390 3704 Petrum
406 3647 531 3724 Meyer,
571 3647 741 3732 Blebsnnm
762 3637 1086 3720 Frenoofordiensem5
1113 3641 1223 3707 turtius

100 3753 145 3802 est
164 3741 323 3802 Dominus
341 3735 472 3823 Casflsr,
483 3744 687 3814 ¹Praedicator
708 3765 748 3804 ex
765 3745 936 3824 Kempten,
957 3745 1067 3809 deeras
1085 3741 1224 3806 Theolo-

99 3841 166 3919 gise
186 3839 380 3900 Licentistus
400 3841 579 3922 propediem
605 3843 753 3923 Magister
779 3839 971 3904 nostrandus.
1003 3841 1089 3923 ,Ipsi
1110 3839 1225 3902 liabent

99 3938 152 3996 hic
173 3959 262 4018 agere
284 3949 347 3999 tres
367 3959 474 4006 causas
489 3942 644 4003 notabiles.
706 3941 795 4002 Unus
816 3943 933 4004 scilieet
954 3941 1100 4024 Magister
1121 3948 1225 4002 noster

99 4037 228 4096 Iacobus
251 4037 345 4100 hebet
365 4059 485 4100 causam
505 4040 576 4101 fidei
597 4053 703 4101 contra
720 4043 869 4104 ioannem
893 4041 1066 4114 Reuelslin,
1097 4037 1151 4120 qui
1176 4035 1225 4100 di·

97 4136 185 4194 ‘eitur
206 4145 272 4196 esse
288 4137 482 4216 haereticus,
498 4149 543 4198 et
562 4142 640 4201 bene
659 4150 703 4201 est
723 4141 817 4204 eninr.
860 4141 1019 4204 Secundus
1040 4135 1132 4226 babet
1152 4155 1226 4198 esu·

102 4255 165 4294 sam
189 4237 430 4318 competentiae,
465 4237 580 4300 seilicet
601 4241 748 4322 Magister
767 4250 873 4306 noster
892 4241 1016 4318 Petrus,
1040 4248 1146 4302 uentus
1166 4233 1226 4300 Ca·
