2872 4722
383 343 928 414 omscuu.·v'1n0a.
984 306 1021 448 ‚⁸
1101 329 1215 420 sas

88 507 169 574 mira
190 507 489 581 cum'm'nlieribus,
510 501 633 586 quaudo
651 525 744 570 nemo
764 505 865 570 ridet:
887 519 994 587 postea
1011 517 1115 572 umen
1135 510 1215 574 iaci-

87 611 156 670 mus
177 607 424 682 confessionem,
444 617 475 669 et
492 607 579 668 Deus
600 615 647 666 est
665 606 858 681 misericors,
869 614 911 665 et
929 595 1074 670 debemus
1092 631 1222 690 sperarat

86 707 239 768 reniam·
278 705 454 786 Ego³mitto
475 705 562 764 vebia
583 703 636 764 hio
655 705 805 785 quaedam
825 703 938 784 scripta
958 725 1016 786 pro
1036 708 1222 772 defensioue

85 803 262 868 Alexandri
285 804 387 882 Galli,
419 793 620 866 Grammatici
640 803 760 886 antiqui
789 813 820 866 et
846 803 1040 866 sufficientis:
1076 808 1220 886 quamvis*

86 899 200 966 Poetae
221 903 502 966 Materni-volunt
522 903 858 986 eum'repreheaderm
879 903 933 966 sed
947 905 1130 969 consciunt
1139 907 1217 987 quid
1334 949 1337 956 »

85 1005 278 1084 loquantur,
301 1000 374 1083 quia
396 1001 580 1065 Alexander·
593 1012 645 1064 est*
659 1004 809 1084 optimus,
835 1014 871 1065 ut
892 1003 968 1064 olim
988 1001 1216 1080 dixistiamihi,

84 1104 211 1184 quaudo
230 1101 370 1164 stetimus
389 1101 595 1164 Daveutriacs
628 1103 764 1182 Quidam
785 1103 932 1184 Magister
951 1101 1006 1162 hie
1015 1101 1101 1166 dedit
1120 1105 1215 1182 raihta

83 1203 139 1262 sed
159 1201 288 1276 nescio,
309 1199 365 1262 ubi
385 1199 510 1279 accepit.
571 1202 795 1284 Egorellam,
833 1201 925 1282 quod
944 1201 1086 1262 faceretis
1104 1203 1216 1284 impri-

83 1321 191 1378 mero;
225 1310 302 1360 tunc
328 1299 462 1360 maxima
487 1299 629 1360 faceretis
658 1299 753 1362 iratos
782 1301 854 1362 illos
874 1301 993 1372 Poetae.
1055 1301 1216 1380 Qaiaille

82 1401 195 1460 auctor
213 1398 341 1486 realiter
367 1407 458 1460 vexat
482 1418 549 1458 cos:
590 1397 645 1458 sed
671 1408 716 1460 est
740 1399 793 1462 ita·
813 1397 980 1460 Poetelitar
1001 1401 1215 1481 compositum,

81 1498 172 1578 quod
191 1496 338 1577 illasqui
358 1497 548 1577 composuit,
570 1507 622 1559 ese
635 1497 975 1561 etiembonnePoeta:
996 1499 1051 1560 sed
1071 1519 1141 1560 cum
1155 1500 1215 1563 hec

82 1608 130 1657 est
151 1596 348 1676 Theologus,
386 1605 417 1656 et
435 1615 500 1656 non
519 1606 604 1656 tenet
623 1615 694 1656 cum
713 1597 900 1660 secularibus
922 1597 1044 1672 Poetis,
1070 1599 1150 1660 sicut
1169 1609 1215 1662 aet

79 1699 205 1758 Ductor
224 1691 400 1767 Reuchliu,
427 1683 578 1756 Eusebius
600 1691 637 1756 et
650 1695 724 1756 aliia
779 1695 896 1756 Statim·
910 1695 1115 1776 qnando'iuit
1135 1697 1215 1758 mihi

81 1796 163 1854 data
183 1793 241 1852 illa
260 1791 399 1866 materia,
420 1802 495 1854 tunc
517 1793 605 1868 dixi,
626 1793 711 1874 qnod
729 1795 844 1858 vellem
862 1795 950 1855 vobis
970 1795 1110 1867 mittere,
1131 1797 1215 1874 quod

81 1889 241 1972 legeretiass
281 1891 587 1972 stannumque
607 1913 741 1968 novum,
760 1904 835 1955 tuuc
860 1893 959 1956 etiem·
974 1892 1102 1958 mittatis
1125 1895 1213 1956 milri.

82 1991 202 2056 Valete
222 1991 257 2052 in
277 1989 433 2052 charitate>
445 2011 509 2054 uon
530 1989 618 2052 ficta·
649 1993 700 2054 Ex
720 1992 892 2073 Lyptaick.·

251 2159 384 2222 raanan
399 2156 537 2222 amone
553 2158 584 2224 s.
599 2159 642 2224 u.
656 2161 697 2218 P.
712 2117 761 2222 aa.
779 2159 911 2222 ortano
930 2159 1051 2220 oratio.

170 2292 333 2373 Quoniam¹
351 2290 476 2371 quidem
505 2293 603 2375 igitur
630 2313 685 2354 ros
716 2295 933 2374 concupiscitis
961 2313 1083 2372 comper
1101 2291 1214 2354 habere

81 2413 180 2454 uuam
201 2393 387 2465 novitatem,
410 2393 578 2454 secuudum
599 2391 682 2472 quod
704 2391 995 2454 dicitaAristoteles:
1017 2391 1134 2449 Omnes
1155 2391 1214 2450 ho-

80 2493 191 2553 mines*
210 2501 323 2552 natura
340 2491 418 2554 seire
434 2493 618 2554 desiderant.
674 2491 780 2570 Quare
805 2490 902 2570 igitur
922 2507 979 2570 ego
999 2491 1130 2550 Ioannes
1150 2491 1215 2550 Ar-

79 2589 178 2652 noldi
201 2599 304 2653 vester
321 2590 485 2674 discipulus
506 2601 537 2652 et
557 2588 686 2652 humilis
706 2587 860 2664 subditus,
898 2588 988 2648 mitto
1009 2587 1214 2648 dominationi

80 2711 138 2750 seu
159 2687 394 2751 honorabilitati
411 2701 530 2752 vestrae
549 2689 602 2750 hic
624 2704 722 2750 uurr'm
742 2688 903 2766 libellum,
931 2707 1023 2767 quom
1043 2685 1215 2767 composuit

82 2789 213 2870 quidam
223 2789 391 2865 Ribaldua,
420 2801 453 2852 et
478 2787 696 2850 scandalizavit
715 2773 889 2850 Dominum·
912 2789 1061 2848 Ioannem
1079 2786 1215 2847 Pfeffer-

83 2890 165 2948 kern
186 2889 223 2948 iu
237 2888 384 2963 Colonia,
403 2890 525 2963 virum,
545 2885 750 2969 proculdubio
771 2887 1024 2968 integerrimum,
1046 2897 1077 2950 et
1094 2906 1149 2968 ego
1164 2884 1214 2946 fui

83 2987 174 3048 valde
195 2987 309 3062 iratres,
346 2987 402 3048 sed
420 3007 484 3046 non
504 2987 593 3066 potui
612 2985 794 3066 prohibere,
823 2987 908 3065 quod
928 3007 994 3048 uon
1011 2985 1214 3066 imprimeret,

84 3085 157 3165 quia
177 3088 237 3146 iate
268 3086 369 3147 sociua
389 3086 481 3146 habet
501 3083 556 3144 hic*
578 3085 691 3146 multos
711 3085 865 3160 fautores,
895 3086 990 3146 etiam
1007 3087 1141 3159 nobiles,
1184 3092 1215 3143 et

84 3185 203 3246 radunt
224 3185 336 3246 armni
354 3185 434 3248 sicut
453 3184 600 3259 bufones,
627 3203 698 3244 cum
716 3183 815 3264 longia
836 3185 945 3266 gladiis
964 3185 999 3246 iu
1013 3183 1131 3264 plateis.
1153 3181 1215 3244 Sed
1324 3185 1352 3236 l

85 3292 188 3344 umen
211 3303 268 3365 ego
292 3283 383 3366 dixi,
421 3283 504 3364 quod
525 3303 589 3342 non
618 3293 664 3344 est
682 3293 819 3358 rectum,
854 3285 927 3364 quia
954 3283 1064 3347 debitis
1096 3290 1214 3353 notare,

85 3383 167 3461 quod
187 3381 239 3442 isti
268 3383 381 3444 Poetae
407 3377 559 3443 seculares
585 3381 687 3442 adhuc
713 3381 829 3443 faciant
854 3383 965 3442 multas
991 3399 1117 3460 guerras
1143 3397 1214 3440 cum

86 3482 146 3540 suis
166 3482 290 3542 metris:
320 3481 348 3542 si
369 3482 511 3564 Magistri
533 3481 630 3541 nostri
650 3501 713 3540 non
736 3480 892 3540 habebunt
911 3477 1147 3551 advertentiam,
1183 3483 1213 3533 et

86 3599 148 3639 nou
171 3569 311 3643 citabant
323 3585 382 3656 „ces
410 3600 468 3660 per
487 3581 671 3660 Magistrum
697 3569 843 3640 iacobum
867 3577 1061 3656 Hogatratem
1089 3576 1128 3634 ad
1149 3573 1213 3632 Cu-

86 3679 163 3740 riam
184 3681 366 3740 Romanam.
414 3681 456 3742 Et
476 3699 532 3758 ego
552 3679 668 3754 timeo,
694 3677 777 3758 quod
797 3674 973 3736 oritanum
993 3691 1138 3751 maguum
1161 3669 1212 3728 di-

86 3777 238 3838 sturbiam
264 3777 299 3838 iu
326 3779 403 3838 Fide
432 3776 599 3840 catholica.
666 3778 757 3857 Rogo
775 3775 870 3856 igitur
897 3793 970 3847 vos,
1005 3770 1089 3850 quod
1107 3757 1217 3830 velitia¹

88 3880 272 3956 componere
291 3881 390 3938 unum
408 3877 523 3938 librum
546 3885 653 3937 contra
674 3876 767 3936 istam
786 3873 1071 3942 scandalizatorem,
1093 3877 1124 3928 et
1141 3873 1212 3928 rea—

86 3969 157 4034 liter
175 3995 293 4038 vexare
315 3983 406 4050 eum,
437 3987 516 4038 tuna
529 3986 635 4056 postea
654 3993 719 4036 non
739 3975 799 4034 crit
818 3971 861 4032 ita
882 3971 1000 4042 audax,
1033 3966 1115 4048 quod
1134 3965 1212 4028 velit

87 4072 245 4146 stimulare
277 4075 425 4156 Magistoa
452 4084 588 4148 nostros,
625 4072 699 4153 quia
719 4066 785 4152 ipse
813 4080 858 4132 est
877 4071 1010 4150 simplex
1029 4065 1145 4138 socius,
1181 4071 1212 4126 et

88 4187 188 4250 neque
209 4185 254 4236 est
279 4155 459 4258 promotum
493 4181 594 4254 nequo
608 4169 810 4253 (qualificatus
836 4169 871 4230 iu
903 4171 977 4232 lure
1003 4166 1057 4244 rel
1075 4163 1211 4236 Artibus,

88 4273 228 4346 quamvis
246 4276 331 4342 stetit
350 4275 384 4334 in
405 4273 561 4347 Bononia,
602 4270 657 4332 ubi
678 4269 768 4332 etiam
788 4280 859 4329 suut
879 4267 971 4330 multi
991 4268 1105 4330 Poetae
1124 4281 1212 4322 secu·
1244 4293 1250 4328 ι
