2896 4716
392 317 929 384 oracutuvlttou
1157 315 1220 382 201

98 471 179 537 vobis
198 469 339 530 scribere
360 489 626 552 otunesgnerras,
648 493 727 553 quae
755 484 828 534 snut
857 472 896 533 de
915 473 976 532 boc
995 473 1095 548 libro,
1121 475 1223 554 olym·

98 571 160 650 piae
181 590 232 628 me
253 571 438 649 tempus'sit
459 565 670 649 deiecturum
701 572 755 632 sed
774 582 994 646 transeuntur,
1031 573 1129 634 dicam
1143 595 1222 654 pau-

19 659 21 706 Ῑ
100 689 153 726 οι·
176 669 371 747 Simpliciter
391 670 495 748 plures
514 671 638 744 dicunt,
673 680 704 730 et
726 672 929 732 communiter
949 673 1115 745 seculares,
1154 674 1224 732 Ma-

100 767 181 846 gistri
202 778 235 826 et
257 767 449 850 Bresbp‘teri,
470 778 502 826 et
523 771 644 829 Fratres
663 769 702 829 de
722 769 842 830 Ordine
861 771 1039 842 Minornm,
1061 770 1143 850 qnod
1159 790 1224 830 nou
1309 798 1312 807 ¹

101 876 143 924 est
167 865 334 944 possibile,
374 865 455 945 qnod
474 867 672 930 Pfefferkoru
693 869 863 950 composuit
882 869 975 928 istum
991 869 1124 941 librum,
1152 868 1226 948 qnia

100 983 254 1043 nunqnam
286 965 395 1026 didicit
421 986 518 1028 unum
548 968 678 1028 terbum
707 968 846 1029 latinum.
906 967 1108 1048 Respondeo,
1142 965 1225 1045 quod

41 1047 45 1054 ⁴
101 1061 173 1120 haec
193 1064 325 1144 objectio
346 1064 429 1124 nihil
450 1067 547 1140 valet,
566 1067 640 1126 licet
660 1086 785 1146 magnos
806 1065 898 1124 etiam
914 1066 999 1126 viros
1020 1066 1054 1126 in
1075 1067 1226 1126 bunens-

101 1179 158 1236 que
169 1162 252 1222 diem
263 1165 432 1244 pervertit,
453 1176 490 1224 et.
501 1161 588 1226 male.
629 1166 713 1246 Quia
732 1162 864 1226 loannes
877 1165 1086 1238 Pfefferkorn,
1109 1164 1164 1242 qui
1177 1181 1227 1231 se-

101 1279 169 1318 cum
189 1261 253 1322 fert
274 1263 425 1322 calamare
446 1272 476 1322 et
495 1266 763 1338 atramentarium,
790 1285 825 1324 ea
845 1274 1118 1344 potestanuotare,
1146 1283 1226 1343 qnae

101 1358 201 1432 audit,
239 1362 292 1422 vel
310 1361 344 1420 iu
373 1364 565 1424 sermonibus
588 1361 736 1442 publicis,
774 1363 825 1422 vel
846 1362 880 1424 in
900 1361 1139 1439 conventiculis,
1175 1361 1228 1422 vel

101 1457 224 1536 qnando
247 1457 409 1520 studentes
440 1472 470 1518 et
496 1462 618 1522 Fratres
640 1459 868 1522 Praedicatorss
893 1464 1024 1522 veniunt
1044 1461 1078 1520 in
1099 1461 1227 1520 domum

100 1575 208 1630 suam,
227 1557 280 1616 rel
299 1559 420 1637 quando
441 1559 507 1641 ipse
525 1555 611 1620 radit
629 1560 667 1618 ab
687 1560 841 1620 balneum.
891 1561 1001 1621 Sancte
1021 1561 1125 1628 neas,
1152 1571 1228 1639 quot

99 1654 343 1733 praedicationes
363 1659 446 1718 intra
467 1658 632 1720 duodecim
653 1679 748 1718 annos
768 1659 910 1720 audivit?
934 1662 1021 1737 Quot
1041 1659 1227 1719 admonitio-

99 1752 185 1812 nes?
222 1763 296 1833 quot
314 1765 485 1816 unctorum
508 1770 629 1838 patrum
650 1758 848 1818 autoritates?
895 1779 970 1840 quas
995 1741 1062 1840 ipse
1100 1758 1151 1818 vel
1169 1759 1228 1838 per

98 1852 238 1932 seipsum
259 1852 389 1914 retinere
416 1866 469 1916 ant
490 1859 583 1916 uxori
603 1877 676 1918 suae
705 1857 807 1916 dicere
826 1858 942 1938 potuit,
988 1856 1041 1919 vel
1061 1855 1100 1916 ad
1122 1855 1227 1936 parie-

100 1961 164 2010 tem
176 1937 335 2026 ¹=¹scribere,
356 1955 409 2013 vel
428 1955 467 2014 ad
486 1957 620 2016 tabulam
640 1977 726 2018 suam
746 1957 888 2036 ponere?
924 1967 954 2017 et
973 1956 1041 2017 dixi
1064 1956 1093 2016 ei
1115 1975 1226 2036 nuper,
1253 1984 1260 1996 ·

101 2049 184 2130 qnod
194 2052 327 2111 Joanues
338 2052 538 2115 Ptetterkorn
556 2056 594 2115 de
606 2057 706 2136 scipso
714 2054 877 2135 profitetur
889 2055 982 2134 (eitra
993 2054 1168 2134 jactantiam
1179 2064 1227 2112 ta-

101 2148 199 2228 men),
218 2149 301 2228 quod
323 2152 428 2213 omnia
448 2154 513 2226 illa,
525 2173 611 2234 v<gisae
633 2156 667 2214 in
691 2155 790 2213 Riblia
811 2155 863 2214 vel
883 2155 918 2212 in
938 2155 1031 2215 sacris
1050 2154 1227 2232 Evangeliis

101 2247 272 2332 habentur,
307 2270 366 2330 per
393 2251 526 2334 seipsum
556 2252 688 2335 allegare
717 2261 816 2332 potest
842 2251 880 2311 ad
906 2270 997 2310 omne
1024 2253 1226 2344 propositum,

100 2345 167 2406 sive
190 2349 324 2422 malum,
354 2349 562 2424 sivebounm,
588 2351 714 2412 tudsics
734 2353 800 2410 sive
814 2349 992 2422 Almanice,
1013 2360 1044 2410 et
1059 2351 1151 2408 etiarn
1171 2351 1228 2408 scit

100 2454 299 2536 menteteuns
319 2448 420 2507 omnia
432 2449 614 2532 Evangelia,
634 2468 713 2530 quae
733 2468 790 2529 per
809 2457 906 2509 toturn
928 2467 1044 2507 annum
1064 2467 1228 2528 exponun-

99 2557 175 2618 tur,
196 2553 228 2604 et
248 2554 346 2624 potest
358 2566 392 2604 ea
408 2548 538 2609 recitare
558 2549 596 2606 ad
616 2567 770 2627 unguem,
792 2546 875 2624 qnod
895 2565 958 2606 nou
980 2558 1106 2626 possunt
1124 2545 1227 2606 facero

99 2642 155 2704 isti
175 2644 308 2704 Jnristae
327 2655 357 2704 et
373 2647 493 2706 Poetae.
547 2646 648 2706 Etiam
670 2633 761 2722 itabat
778 2645 896 2744 fili'um,
930 2645 1057 2712 nomine
1085 2646 1229 2706 Lauren-

101 2743 198 2817 tium,
218 2742 388 2832 iugennum
406 2746 547 2826 profecto
567 2743 809 2817 adolescentem,
841 2743 895 2822 qni
914 2743 1033 2804 studuit
1050 2744 1109 2818 ita,
1145 2744 1229 2822 quod

102 2841 312 2921 estpallidus:
333 2843 387 2904 sed
405 2864 461 2924 ego
482 2845 594 2918 miror,
624 2842 707 2923 quod
726 2842 878 2922 permittit
899 2862 971 2902 enm
991 2842 1114 2902 studere
1133 2841 1168 2902 in
1189 2843 1231 2901 il·
1315 2919 1320 2926 ‚

101 2939 139 2998 lis
159 2939 321 3002 diabolicis
342 2943 461 3020 Poetis;
497 2944 563 3024 ipse
583 2938 738 3022 recolligit
756 2942 837 3022 patri
856 2962 912 3002 sno
933 2941 1098 3002 sententias
1115 2941 1230 3001 Orato-

102 3058 174 3098 rum
189 3051 220 3098 et
235 3041 416 3115 Poetarum,
438 3051 504 3102 tum
525 3063 565 3102 ex
580 3061 635 3102 suo
645 3082 656 3116 ,
677 3051 744 3102 tum
757 3042 996 3120 Praeceptomm
1015 3059 1142 3102 suornm
1165 3058 1229 3106 ore,
1303 3087 1305 3098 ,

104 3138 142 3196 ad
162 3158 288 3198 omnem
308 3140 482 3215 materiam,
506 3151 537 3201 et
558 3157 648 3201 omne
670 3140 881 3221 propositum,
903 3147 933 3198 et
946 3140 1003 3199 scit
1014 3139 1146 3231 allegare
1155 3133 1231 3198 Hu-

104 3257 233 3315 gossem:
260 3247 291 3298 at
309 3239 376 3318 ipse
388 3240 519 3300 loannes
536 3239 736 3302 Pfefferkorn
755 3238 901 3320 intelligit
919 3238 1016 3298 multa
1036 3257 1077 3296 ex
1097 3246 1159 3296 tam
1178 3237 1231 3296 in·

104 3355 208 3414 genno
227 3336 433 3412 adolescente,
461 3339 505 3396 ita
525 3347 578 3414 ut,
611 3359 690 3419 quae
709 3339 776 3418 ipse
794 3337 935 3402 indoctus
949 3337 1052 3394 faeere
1068 3353 1138 3395 -nou
1159 3345 1232 3414 pot-

106 3443 169 3507 est,
189 3433 360 3516 filiusejus
380 3435 528 3516 perficiet.
568 3437 704 3498 Deleant
723 3435 818 3516 igitur
840 3453 962 3506 ornnes,
993 3431 1048 3511 qui
1069 3432 1146 3491 false
1167 3432 1231 3492 cir-

106 3535 336 3610 cumtulerunt,
351 3585 354 3599 .
367 3535 450 3615 qnod
470 3535 537 3616 ipse
557 3555 620 3596 uon
640 3533 812 3616 composuit
831 3552 902 3592 suos
922 3531 1036 3605 libros,
1071 3531 1126 3590 sed
1146 3532 1232 3590 Doc-

105 3641 188 3694 tores
209 3643 241 3694 et
258 3633 401 3714 Magistri
422 3634 457 3695 iu
478 3635 609 3696 Colonia
633 3641 822 3714 componunt
845 3651 905 3690 sos.
964 3630 1133 3690 Erubescat
1152 3649 1232 3710 qno·
1265 3625 1268 3630 ’

106 3751 168 3810 qne
185 3742 217 3792 et
235 3734 272 3794 in
291 3741 451 3794 aeternum
469 3733 649 3814 ingemiscat
665 3735 797 3795 Ioannes
814 3728 968 3792 Reuchlin
976 3769 986 3802 ,
1006 3727 1062 3808 qui
1077 3728 1168 3786 etiam
1183 3727 1233 3788 di-

106 3831 156 3890 xit
183 3832 268 3912 qnod
294 3833 425 3906 loannes
449 3833 649 3894 Piefferkorn
675 3851 740 3893 non
773 3829 943 3910 composuit
970 3846 1062 3887 suum
1090 3826 1257 3900 trsassualo⁸

106 3932 285 4010 speculum,
306 3932 420 4012 dequo
442 3949 531 4012 saepe
552 3931 635 4012 apud
655 3932 769 3993 Doctos
792 3929 855 3990 fuit
874 3926 1051 3988 eontentio:
1078 3924 1152 4005 quia
1170 3932 1234 3982 tres

105 4029 171 4090 viri
191 4029 346 4091 dederunt
364 4030 394 4089 ei
415 4030 483 4093 illas
500 4030 701 4102 autoritates,
720 4049 795 4106 quas
814 4028 859 4088 ibi
880 4025 1037 4106 allegavit:
1058 4033 1134 4084 tunc
1153 4042 1235 4082 nnus

63 4118 65 4122 ¹
106 4127 206 4207 dixit,
243 4127 300 4209 qui
321 4138 393 4189 sunt
411 4127 463 4188 isti
480 4127 565 4189 viri?
605 4126 779 4208 Respondi,
808 4127 891 4207 qnod
910 4124 1032 4186 nescio:
1059 4123 1112 4184 sed
1131 4121 1234 4195 credo,

105 4227 191 4308 quud
211 4237 286 4292 snut
304 4227 357 4292 isti
376 4237 438 4294 uss
461 4227 541 4306 viri,
574 4227 630 4312 qui
648 4236 858 4311 apparuerunt
875 4221 1026 4303 Absarus,
1066 4231 1102 4286 ut
1121 4221 1236 4304 legitur
