2866 4724
346 289 666 384 ‘osseo-a,
706 289 932 376 v‘ti'tou.
1157 294 1221 377 'ast
1306 313 1313 328 ·

90 463 154 532 rasi
176 453 259 530 sicut
278 463 353 545 nos,
369 523 371 528 .
387 478 419 530 et
440 468 562 548 quando
583 466 763 530 illisorum
789 468 933 549 gaudium
959 467 1101 543 tollitur,
1132 458 1221 530 ‘sm'li-

92 579 141 630 cet
162 569 285 649 quando
307 568 351 652 eis
370 569 480 629 einum
509 569 704 630 abbreviatur
728 578 856 650 propter
884 590 977 628 uuam
998 569 1222 649 supergressio-⁴

91 688 183 743 nem,
206 679 282 728 tunc
301 661 417 728 habent
434 669 530 728 alium
550 669 705 748 gaudium.
744 667 824 727 Nam
837 668 1138 748 possunt'disponere
1150 689 1220 726 mc-

92 769 221 828 retrices
241 788 299 849 per
318 767 539 828 claudicantem
562 771 725 841 Ioannem,
740 768 793 846 qui
814 766 898 846 ligna
917 777 996 829 secat
1007 810 1016 841 ‚
1037 767 1129 825 etiam
1150 787 1220 847 gra-

94 866 178 925 ditur
198 865 292 947 super
307 859 450 926 'manibus
479 876 510 926 et
535 862 679 947 genubus.
742 867 874 927 Possetis
899 867 1019 925 dicere:
1057 863 1136 925 ‘baec
1156 861 1221 925 vita

92 966 275 1026 meretrices
294 959 451 1026 nonlicet
478 969 588 1028 sanctis
610 967 836 1048 spiritualibus.
900 964 1104 1045 Respondeo,
1138 964 1221 1044 quod

93 1063 201 1124 audivi
230 1063 288 1146 pro
320 1055 424 1139 serto,
465 1067 547 1145 quod
576 1088 683 1129 eorum
711 1063 868 1128 Dominus
894 1065 1040 1142 Magister
1067 1062 1221 1144 (quamvis

88 1159 208 1236 senex,
229 1163 368 1238 claudus,
388 1165 519 1244 griseus,
539 1175 569 1227 et
589 1169 743 1249 lipposos,
765 1175 931 1226 esttamen
953 1165 1060 1225 aridus
1081 1164 1119 1224 ad
1129 1165 1220 1224 'illam

93 1281 177 1334 rem,
201 1282 265 1322 non
283 1273 390 1322 'autem
411 1267 675 1346 semper'potens)
695 1267 774 1327 solet
794 1265 908 1326 babere
932 1264 1091 1346 propriam
1111 1263 1147 1322 in
1167 1271 1222 1322 sua

93 1360 201 1436 rtuffa,
242 1372 273 1422 et
293 1363 414 1440 quando
436 1366 596 1426 excavavit
615 1366 703 1428 illam
724 1366 876 1439 totaliter,
912 1371 985 1423 tunc
1005 1363 1141 1443 disponit
1153 1363 1222 1424 sibi

93 1480 191 1521 unum
211 1464 330 1536 airum,
367 1472 399 1523 et
418 1464 471 1524 dat
489 1465 549 1526 sibi
569 1465 683 1526 bonam
701 1462 812 1524 'dotem
840 1463 1127 1544 extGazophylacio
1148 1463 1223 1543 spi·-
1336 1527 1343 1542 ,

93 1561 171 1620 ritus
193 1563 315 1636 Sancti,
336 1563 417 1642 quod
439 1585 595 1644 nunquam
616 1565 807 1640 minoratur,
828 1563 900 1644 quia
922 1574 966 1624 est
982 1562 1032 1641 ibi
1052 1573 1137 1622 mer'a
1151 1583 1223 1642 gra·
1279 1597 1281 1604 ι

94 1660 138 1722 tia
160 1660 293 1741 Spiritus
311 1657 425 1725 Sancti.
459 1664 582 1727 Deinde
594 1664 654 1724 sibi
673 1665 767 1724 aliam
786 1663 930 1723 ancillam
948 1670 1108 1741 procreat,
1128 1661 1223 1722 etfa-

95 1759 137 1819 cit
155 1760 217 1820 sibi
232 1765 340 1838 etiam,
361 1763 440 1824 sicut
457 1763 520 1844 jam
540 1748 665 1843 scripsi)
688 1773 718 1824 et
737 1764 781 1823 sic
801 1763 856 1823 ille
875 1762 962 1823 Ordo
982 1762 1016 1822 in
1037 1762 1143 1824 multis
1163 1761 1223 1821 bo-

94 1859 230 1922 minibus
251 1863 369 1924 noculto
392 1863 509 1924 crescit.
548 1864 640 1924 Nunc
661 1863 733 1926 volo
748 1863 867 1922 interra
885 1861 1130 1942 proverbialiter,
1151 1863 1223 1942 quib

95 1961 301 2024 communiter
321 1962 456 2024 dicitur:
493 1964 735 2043 quandocunque
754 1962 872 2035 Abbas,
901 1961 1019 2034 idest,
1058 1963 1151 2024 Pater
1169 1984 1222 2023 su-

94 2079 235 2139 premus,
257 2062 385 2142 apponit
404 2072 550 2138 tesseras,
571 2075 645 2124 tunc
665 2069 793 2143 possunt
811 2063 932 2122 Fratres
951 2061 1068 2135 ludere,
1089 2062 1148 2123 hoc
1166 2075 1220 2138 est,

96 2159 219 2238 quando
240 2161 376 2224 Praelati
395 2163 494 2224 nostri
514 2162 633 2245 antiqui
650 2173 721 2222 sunt
741 2163 785 2221 ita
805 2160 957 2222 luxuriosi
964 2163 975 2234 ξ
997 2171 1027 2218 et
1041 2161 1222 2222 ¹ducantita
1289 2185 1292 2196 ·

95 2259 306 2322 miserabilem
324 2264 435 2337 vitans,
469 2271 549 2344 'argo
575 2276 632 2324 nos
660 2260 773 2321 subditi
800 2261 886 2321 licite
908 2279 1066 2340 possumus
1085 2281 1222 2339 sequere.
1307 2332 1310 2336 ¹

94 2357 180 2418 Haec
201 2370 246 2418 est
268 2360 602 2446 hona'consequentia,
636 2361 708 2441 quia
732 2361 875 2442 perspexi
891 2360 932 2422 in
951 2369 1090 2419 'tractatu
1111 2362 1150 2420 da
1169 2367 1224 2420 s'u-

93 2457 317 2537 positionibus,
352 2460 425 2539 quia
444 2462 490 2522 ibi
511 2461 663 2543 praelatus
692 2461 838 2541 supponit
862 2459 1081 2540 personaliter,
1113 2477 1222 2520 secun-

95 2555 168 2618 dum
190 2559 368 2622 Massiliam
392 2563 537 2644 supponit
558 2561 690 2622 inferius
711 2559 923 2622 materialiter.
981 2559 1074 2620 Nunc
1084 2560 1128 2620 'ad
1148 2567 1224 2641 pro*

93 2657 246 2738 positum:
278 2661 344 2740 'ego
365 2662 495 2737 vellem,
535 2662 632 2743 quod,
664 2660 786 2742 quando
807 2659 953 2739 Magister
973 2669 1077 2719 noster
1096 2661 1224 2722 lacobus
1264 2719 1268 2749 r

93 2757 281 2838 Hogstrateu
303 2760 340 2822 iu
359 2761 460 2834 Roma
481 2761 675 2824 nihilsoiret
693 2758 805 2822 Joanni
818 2758 972 2819 Reucbliir
984 2758 1103 2818 abinde
1115 2761 1226 2822 lucra-

93 2876 145 2932 re,
180 2857 266 2937 quod
285 2859 465 2942 impetraret
486 2863 575 2926 nobis
593 2862 746 2923 laxiorem
765 2858 934 2932 Ordinem,
963 2857 1041 2918 sicut
1061 2858 1117 2918 ille
1133 2867 1226 2940 prae·-
1289 2857 1292 2864 ’

93 2957 282 3020 nominatus
343 2960 424 3022 caro
450 2965 553 3022 tamen
580 2959 838 3042 nos'quandoque
856 2958 956 3016 'etiam
976 2959 1126 3029 stimulat:
1168 2976 1224 3041 ego

93 3055 158 3114 scio
170 3098 181 3131 ,
212 3059 295 3137 quod
316 3081 370 3126 ero
392 3062 592 3124 brevissimae
616 3063 717 3135 vitae,
733 3057 864 3148 'quando
885 3075 947 3116 non
968 3057 1064 3117 debeo
1087 3060 1227 3135 quando«

94 3176 154 3234 que
177 3177 351 3238 expurgare
371 3173 459 3221 vetus
480 3163 683 3234 fermentum,
706 3155 947 3239 quod'contraxi
966 3175 1006 3216 ex
1027 3157 1090 3216 illis
1110 3158 1224 3218 caseis:

92 3256 229 3334 parcatis
249 3256 342 3331 milri,
374 3259 445 3337 quia
462 3261 573 3340 loquor
593 3260 750 3322 vobiscum
772 3255 966 3330 cordialiter,
999 3255 1113 3330 idest,
1147 3267 1225 3335 qua'e

94 3355 176 3414 mihi
198 3368 269 3417 sunt
289 3357 371 3417 circa
391 3378 452 3420 cor.
511 3364 576 3444 Ego
596 3381 718 3442 semper
737 3359 847 3431 timeo,
881 3353 961 3433 quod
973 3351 1036 3412 illa
1058 3373 1146 3413 causa
1166 3354 1226 3414 erit
1285 3407 1287 3410 .
1353 3383 1360 3392 -

94 3457 215 3516 malum
233 3455 328 3518 finem
350 3458 524 3537 acquirere,
560 3461 638 3522 sicut
658 3481 747 3522 causa
764 3453 937 3518 B'ernensis.
997 3452 1064 3515 :Vos
1084 3452 1155 3512 satis
1174 3453 1226 3512 in*
1314 3529 1317 3543 Ι
1420 3467 1423 3475 ’

94 3555 258 3619 tellexistis
278 3574 337 3619 me.
399 3561 552 3622 Dominus
571 3561 720 3642 Magister
745 3565 849 3620 noster
868 3554 999 3615 loannes
1020 3549 1227 3641 Amphoratia

96 3654 162 3714 cius
184 3656 302 3738 optavit
323 3657 411 3718 vobis
432 3660 543 3720 multas
572 3662 700 3734 salutes,
735 3658 802 3741 ipse
819 3652 925 3714 ‘evasit
942 3650 977 3710 in
997 3650 1165 3738 solennem
1181 3653 1228 3712 vi·-

94 3753 179 3820 ruin·
233 3756 288 3820 Est
309 3758 392 3822 enim
413 3758 609 3820 Praedicator
630 3771 748 3832 noster,
789 3751 1001 3815 omnishomo
1025 3771 1094 3810 cum
1113 3741 1226 3814 laudat.

94 3858 151 3915 Eat
177 3855 221 3915 ita
253 3856 350 3917 bonus
380 3857 415 3918 in
445 3858 616 3940 exemplari
645 3853 911 3917 demonstratione.
971 3853 1064 3909 Anno
1096 3841 1227 3915 Domini

98 3956 191 4014 1516.
209 3956 399 4040 praedicavit
419 3959 608 4039 passionem;
650 3970 722 4020 tunc
749 3953 865 4034 accepit
892 3969 994 4016 aecum
1016 3970 1113 4014 unum
1134 3951 1229 4015 bacu-

92 4054 161 4114 lum
182 4075 277 4136 super
296 4057 489 4132 Ambonem,
522 4061 564 4118 'et
596 4055 716 4139 quando
746 4049 888 4117 recitavit
915 4050 1096 4114 sententiam
1126 4050 1228 4125 Pilati,

93 4165 170 4213 tuuc
191 4155 288 4220 traxit
308 4150 383 4220 eum'
400 4157 437 4222 de
460 4159 579 4226 cuculla
600 4157 703 4229 extra,
744 4162 776 4218 et
801 4151 895 4232 fregit
921 4150 1009 4216 illum
1030 4150 1170 4212 baculum
1193 4152 1228 4211 in

94 4255 257 4316 medioin
278 4257 352 4316 duas
375 4268 489 4338 partes,
527 4257 615 4338 quasi
634 4260 803 4334 sceptrum,
836 4253 916 4332 quod
938 4251 997 4312 suit
1018 4249 1230 4322 miserabiliter
