2896 4716
390 350 939 413 onsctttt.vlttott.
1168 352 1231 420 209

91 529 180 586 cere,
202 521 236 572 et
257 529 354 572 nemo
371 518 475 591 potest
494 507 642 580 scribere.
671 507 719 571 ‘Et
738 521 810 570 cum
821 506 882 570 hoc
895 508 988 570 etism
1000 507 1124 586 vellem,
1146 511 1230 594 quod

92 612 195 672 essetis
216 611 337 690 laetus,
366 619 397 670 et
426 629 491 668 non
511 605 689 674 cruciaretis
708 628 765 670 ros
785 607 830 668 sic
851 607 887 668 in
909 629 999 670 causa
1019 609 1101 670 fidei.
1162 615 1227 690 Ego

91 729 253 790 nunquam
276 709 395 769 suadeo
410 708 494 772 vobis
501 751 512 783 ,
547 708 631 787 quod
653 707 768 770 debetis
789 727 854 768 esse
873 708 917 767 ita
937 708 1047 776 tristis,
1080 711 1134 770 sed
1154 733 1228 792 per-

5 827 7 852 ¹
92 808 220 870 mittatis
242 808 333 870 vobis
353 807 502 887 requiem.
542 806 711 887 lpsietiam
732 807 830 868 multa
851 805 959 868 dicunt
978 806 1058 867 mihi
1079 807 1141 879 hic,
1154 811 1229 890 quia
1315 818 1321 838 '

92 928 159 968 sum
179 907 394 968 coloniensis:
415 906 469 966 sed
484 913 539 994 qo
559 901 666 981 rideo,
695 904 783 986 quasi
803 925 868 966 uon
888 925 1014 984 curans,
1055 908 1223 990 aliquando

74 1007 184 1067 ,etiarn
205 997 382 1086 respondeo
392 1004 482 1086 ipsis,
495 1024 619 1076 ‚vexans
639 1021 694 1064 eos¹
711 1004 834 1066 iterum.
875 1004 963 1066 Sicut
971 1026 1081 1088 nuper,
1102 1011 1226 1087 quando

91 1125 169 1166 unus
191 1104 267 1185 (qui
289 1105 381 1165 etiam
404 1091 487 1164 stetit
506 1103 654 1164 Coloniae
684 1114 756 1164 ante
775 1105 881 1164 decem
902 1105 1014 1184 annos)
1034 1106 1115 1168 dixit
1135 1109 1226 1188 mihi,

92 1205 172 1286 quod
193 1225 261 1264 non
280 1203 396 1278 credit,
432 1201 515 1283 quod
536 1203 736 1282 Piederkoru
766 1204 867 1264 adhuc
889 1216 934 1264 est
956 1206 1054 1266 bonus
1074 1206 1227 1270 Christia-

90 1323 164 1364 nus:
186 1304 264 1383 quia
285 1302 383 1376 dixit,
406 1302 489 1382 quod
510 1302 588 1362 vidit
609 1302 680 1364 Am
701 1281 892 1364 ante‘unum
913 1323 1048 1378 annum,
1078 1313 1109 1366 et
1124 1308 1225 1370 adhuc
1293 1351 1294 1360 a

91 1403 228 1462 foetebat
249 1404 330 1462 sicut
349 1401 427 1461 alius
436 1401 585 1476 ludaeos,
606 1413 750 1462 ettamen
766 1402 873 1485 dieunt
893 1405 1108 1485 communiter,
1130 1413 1223 1490 quod,

91 1503 217 1580 quando
237 1501 347 1563 ludaei
367 1501 571 1581 baptizantur,
598 1521 662 1560 nou
675 1551 679 1554 .
691 1501 823 1582 amplius
842 1501 988 1563 'foetenti
1018 1524 1091 1585 ergo
1117 1511 1224 1587 credit,

89 1601 174 1678 qnod
193 1599 396 1661 Pfefferkorn
417 1600 510 1660 habet
528 1599 628 1660 adhuc
651 1615 785 1679 nequam
807 1612 876 1680 post
893 1621 991 1664 aures.
1038 1605 1079 1664 Et
1100 1609 1224 1686 quando

5 1719 8 1724 ·
87 1699 251 1778 Theologi
265 1698 407 1772 credent,
443 1699 528 1780 quod
547 1710 593 1756 est
612 1701 745 1779 optimus
767 1699 974 1774 Christianus,
1007 1689 1082 1764 tunc
1106 1706 1223 1772 iterum
1309 1727 1313 1738 *

88 1797 155 1856 erit
175 1797 324 1866 Iudaeus,
337 1831 341 1838 ·
356 1807 387 1857 et
408 1796 484 1856 fides
504 1817 568 1856 non
590 1809 634 1858 est
654 1798 682 1857 ei
704 1799 819 1871 danda,
854 1799 928 1888 quia
953 1821 1059 1883 omnes
1080 1803 1223 1870 homines

86 1895 213 1954 habent
231 1897 341 1955 malam
361 1893 568 1977 suspicionem
590 1897 628 1956 de
654 1898 777 1958 ludaeis
797 1899 966 1978 baptizatis.
1028 1903 1120 1965 Tunc
1139 1907 1221 1972 dixi:

89 1995 205 2053 Sancte
226 1997 328 2070 Deus,
369 1995 465 2056 vultis
489 2016 617 2076 arguere
645 2017 685 2056 ex
704 1995 950 2076 suspicionibus?
990 2001 1133 2066 homines
1154 2029 1223 2070 cre-

88 2093 186 2168 duut,
207 2095 291 2173 quod
303 2093 415 2156 ludaei
436 2095 578 2174 baptizati
597 2105 669 2157 suut
689 2096 764 2155 mali
786 2095 969 2173 Christiani,
992 2121 1065 2181 ergo
1086 2105 1221 2168 Pfeffer-

87 2193 173 2254 kern
194 2205 241 2254 est
259 2194 360 2254 malus
375 2191 592 2254 Christianus?
611 2194 683 2254 Nou
703 2195 858 2277 sequitur.=
900 2197 965 2278 Ego
988 2201 1079 2260 etiam
1095 2223 1219 2284 possum

87 2292 258 2372 suspicari,
298 2293 381 2372 quod
408 2293 554 2373 Magister
578 2303 685 2352 noster
710 2293 867 2353 Arnoldns
894 2294 933 2356 de
959 2297 1114 2378 Tangeris
1142 2320 1219 2366 esset

86 2391 268 2464 Sodomita,
302 2391 358 2450 sed
375 2401 478 2452 tamen
500 2410 563 2462 non
590 2399 667 2450 esset
685 2411 812 2467 verum,
842 2394 926 2472 quod
944 2395 1093 2456 Coloniae
1113 2420 1218 2466 omnes

84 2499 215 2564 tenent,
252 2490 336 2568 quod
356 2501 399 2550 est
417 2510 515 2569 purus
536 2487 645 2568 virgol·
696 2489 758 2549 Sed
777 2492 948 2570 respondeo
970 2495 1058 2554 vobis
1079 2499 1117 2560 ed
1135 2501 1217 2564 illud

83 2590 271 2669 objectum:
293 2589 356 2649 Vos
376 2589 489 2663 dicitis,
510 2589 592 2670 quod
612 2586 811 2648 Pfefferkorn
839 2589 944 2656 foetet.
1003 2595 1108 2656 Posito
1135 2621 1216 2677 casu,

84 2689 178 2769 quod
197 2697 246 2749 est
264 2708 387 2762 verum,
407 2689 486 2748 sicut
506 2708 570 2748 non
591 2688 698 2756 credo,
719 2707 820 2767 neque
839 2709 976 2767 unquam
992 2692 1147 2772 intellexi,
1169 2702 1218 2762 di,

86 2809 134 2862 co,
157 2787 245 2868 quod
266 2797 311 2846 est
329 2787 389 2846 alia
408 2807 497 2848 causa
518 2785 611 2866 hujus
633 2786 770 2846 foetoris.
827 2788 911 2864 Quia
932 2791 1062 2853 loannes
1083 2797 1219 2877 Bfeffer-

85 2890 191 2960 korn,
211 2885 335 2966 quando
356 2885 418 2946 fuit
437 2886 587 2958 Iudaeus,
610 2886 672 2947 fuit
684 2884 886 2959 macellarius,
908 2891 1119 2954 etssmacellarii
1131 2918 1217 2961 com-

88 2989 230 3046 muniter
251 2985 345 3044 etiam
366 2985 502 3048 foetent:
539 2995 614 3044 tune
642 3004 746 3044 omnes
767 2983 820 3063 qui
842 2985 1025 3064 audierunt,
1044 2994 1215 3070 dixerunt,

88 3086 175 3166 quod
196 3097 241 3144 est
259 3080 451 3145 bonaratio.
513 3084 565 3142 Sic
586 3083 678 3142 etiam
704 3103 780 3163 rogo
808 3102 864 3144 vos
876 3126 885 3157 ,
918 3089 1001 3165 quod
1030 3111 1093 3152 non
1114 3098 1217 3160 velitis
1269 3139 1270 3144 κ

87 3187 185 3246 nimis
212 3184 330 3246 tristari
356 3183 391 3242 iu
411 3183 467 3242 illa
495 3202 600 3256 causa,
642 3181 714 3261 quia
728 3181 854 3261 spiritus
872 3183 968 3246 tristis
988 3190 1121 3252 exsiccat
1141 3217 1215 3256 ossa.

88 3286 210 3346 Valete.
230 3281 602 3360 Datum-Francofordiac
619 3283 658 3340 ad
675 3280 822 3342 Oderam.

171 3471 334 3548 Henrieus
350 3467 591 3549 Schoffismulius
615 3469 663 3526 M.
685 3464 817 3524 Ortuino
835 3466 955 3533 Gratia
975 3469 1007 3528 S.
1027 3473 1068 3530 P.
1090 3474 1133 3532 D.

173 3587 275 3660 Cum,
318 3585 498 3666 priusquam
519 3583 708 3644 ambularem
729 3582 772 3641 ad·
787 3580 930 3656 Curiam,
972 3578 1091 3646 dixistis
1128 3588 1216 3666 mihi,
1283 3643 1288 3654 Ι

87 3685 173 3766 quod
194 3705 286 3765 saepo
307 3684 403 3744 debeo
423 3675 511 3744 vobis
534 3684 685 3755 scribere,
719 3693 750 3739 et
770 3680 933 3759 aliquando
960 3683 1056 3744 debeo
1083 3685 1218 3768 dirigere
1246 3690 1248 3700 '

88 3788 206 3865 aliquas
229 3785 421 3864 quaestiones
443 3782 675 3863 Theologicales
696 3781 736 3840 ad
758 3799 830 3856 vos5
854 3791 929 3840 tunc
948 3783 1043 3843 vultis
1066 3786 1146 3846 mihi
1167 3807 1217 3848 eas

87 3886 210 3945 solvere
236 3882 366 3957 melius,
410 3902 501 3961 quam
527 3881 683 3942 Curtisani
711 3881 837 3938 Romae.
895 3881 976 3960 Ergo
998 3902 1082 3948 nunc
1101 3873 1217 3968 quaero

87 3983 333 4046 dominationem
354 3991 505 4056 vestram,
548 3979 623 4058 quid
643 3979 753 4038 tenetis
781 3979 819 4037 de
841 3999 895 4054 eo,
932 3981 1055 4060 quando
1080 3985 1217 4046 onusta

87 4085 139 4144 die
161 4083 312 4156 Veneris,
351 4080 467 4155 idest,
501 4080 581 4139 feria
601 4092 701 4160 serta,
732 4078 785 4137 vel
807 4079 897 4152 alias,
929 4081 1051 4158 quando
1073 4082 1218 4164 estjeju·
1259 4155 1260 4164 χ

85 4183 192 4256 nium,
217 4179 352 4242 comedit
371 4200 484 4252 ovum,
508 4189 539 4239 et
559 4187 604 4238 est
623 4178 729 4258 pullus
747 4177 846 4250 intus,
867 4179 941 4258 quia
961 4199 1062 4260 nuper
1074 4180 1109 4240 iu
1125 4183 1219 4243 Cam·

84 4303 127 4365 po
147 4281 229 4345 floro
248 4280 384 4344 sedimus
404 4280 439 4340 in
459 4297 523 4340 uno
546 4277 699 4358 hospitio,
735 4287 766 4336 et
783 4276 914 4340 fecimus
934 4278 1147 4356 collationem,
1190 4294 1221 4340 et

952 4373 1015 4484 Ν14
