2866 4724
553 217 576 251 r

374 315 444 380 uu
483 309 663 379 auena
709 311 975 381 errrsaus:
1179 275 1241 380 375'

97 467 187 532 butio
207 459 407 548 meritorum,
429 471 485 534 sed
505 459 679 536 tn'futme.
721 473 812 538 Vidit
822 471 951 536 lasea-et
964 472 1171 536 Ecclesiastcs:
1179 469 1236 558 ille

95 571 185 646 olim,
196 559 293 652 ¹quite
300 570 387 634 dedit
405 591 461 633 eor
481 593 573 634 suum
588 569 631 661 in·¹
644 591 738 634 omne
758 593 847 654 opus,
871 573 956 654 quod
976 567 1092 634 fantum
1113 583 1159 634 est
1177 573 1235 634 sub

95 670 171 728 sole
194 669 415 747 -Viditenim,
436 673 521 752 quod
543 671 758 736 dominaretur
777 672 873 734 homo
892 670 1024 745 homini,
1040 684 1076 732 ut
1088 671 1234 754 affligeret

95 789 179 828 eum.
221 771 265 832 Et
282 771 350 834 vidi
368 763 493 850 iniquos
499 808 509 846 ,
540 770 654 852 impios
674 773 810 854 sepultos
830 784 862 832 et
882 751 1036 836 uenerunt
1055 781 1086 831 et
1105 773 1232 832 deloco

94 859 202 928 sancto
217 870 330 950 egressi
350 863 441 942 suut}
471 879 502 930 et
520 863 647 938 'laudati
661 881 735 934 sunt
752 872 788 932 iu
809 870 953 945 civitate,
996 870 1069 950 quia
1083 869 1135 930 sic
1148 861 1232 930 feee-
1286 859 1289 891 ¹

94 979 181 1028 runt.
211 969 289 1047 Vidi
308 980 447 1034 ¹taaortuos
467 969 512 1030 sie
530 970 675 1051 sepultos,
696 970 850 1032 ut'saneti
869 969 1153 1032 aestimareutnriu
1167 980 1231 1031 ter-

93 1087 147 1142 ra,
169 1069 343 1148 quiquam
366 1069 521 1144 viverent,
540 1069 737 1151 >putabantur
757 1069 844 1149 digni
864 1090 929 1130 esse
949 1069 1094 1133 ecclesiae
1112 1067 1232 1149 princi*

92 1187 149 1246 pes
171 1157 325 1248 et'templi
346 1167 412 1227 dei:
433 1175 464 1226 et
481 1167 610 1249 iusuper
631 1169 822 1230 ambulantes
842 1168 955 1231 tumidi
972 1168 1177 1229 laudabantur
1196 1167 1231 1227 in

92 1265 224 1355 malitiis
243 1253 325 1341 suis,
345 1266 427 1326 sieut
448 1274 480 1325 et
499 1267 577 1344 alius
597 1267 752 1349 propheta
771 1268 861 1330 dicit:
904 1269 1087 1344 „Laudatur
1103 1267 1229 1348 iniquus

92 1365 128 1426 in
144 1364 307 1426 desideriis
325 1365 449 1426 *animae
469 1381 562 1441 suae,
584 1376 616 1427 et
634 1366 762 1448 iniquus
782 1368 1009 1429 benedicitur«
1032 1364 1112 1429 Hoe-
1126 1377 1230 1427 autem

91 1473 262 1544 propterea
283 1465 398 1538 evenit,
419 1464 493 1546 quia
512 1485 605 1526 nemo
625 1467 822 1546 peccantibus
841 1468 971 1547 prolatis
991 1467 1085 1530 audet
1106 1465 1230 1526 resiste-

16 1609 18 1622 .
92 1583 146 1636 ce,
168 1581 229 1622 uec
248 1562 350 1626 atatim
370 1564 458 1630 Deus
476 1565 575 1627 scelus
597 1565 774 1640 ulciscitur,
794 1561 849 1626 sed
869 1567 974 1628 differt
987 1587 1131 1648 poenam,
1154 1565 1228 1632 dum

93 1672 262 1742 expectant
281 1661 513 1742 poeniteutiam.
553 1663 620 1725 Nec
641 1666 771 1745 quisque
791 1685 843 1725 eos
863 1687 1005 1728 accusare
1025 1667 1136 1740 audets
1155 1667 1228 1744 quia

90 1761 193 1822 sancti
213 1773 246 1821 et
263 1761 346 1825 beati
360 1762 400 1822 'in
419 1759 733 1855 praeceptis‘uomini
750 1765 956 1841 ambulantes,
989 1776 1103 1848 augent
1119 1785 1228 1846 pecca-
1282 1753 1286 1766 ’
1341 1836 1342 1845 ¹

90 1871 124 1921 ta
144 1860 288 1941 peccatis.
328 1861 472 1922 Difficilis
493 1864 708 1942 esttaccusatio
727 1864 761 1926 in
783 1865 976 1946 episcopatu,
996 1869 1023 1923 si
1043 1863 1234 1946 peccaverit,¹

90 1981 159 2021 non
178 1960 342 2021 caeditur:'
357 1971 389 2034 et
407 1962 434 2022 si
454 1961 614 2032 convictus
633 1963 750 2037 fuerit,
769 1981 834 2036 non
855 1963 993 2046 punitur.
1016 1964 1151 2024 ‹Omuia
1173 1959 1229 2022 aia-

63 2133 66 2138 ·
90 2073 157 2119 tem
178 2058 255 2119 haec
275 2060 429 2141 permittit
454 2063 542 2122 Deus
564 2073 693 2143 propter
721 2073 846 2144 peecata
865 2063 995 2143 populi:
1019 2065 1148 2143 propter
1167 2058 1228 2120 hoe

91 2159 250 2224 dominari
270 2159 347 2226 iacit
366 2181 427 2234 eos,
449 2161 505 2240 qui
523 2161 656 2222 oderunt
676 2182 747 2236 eos,
768 2163 974 2234 effeminatos,
996 2161 1115 2233 molles,
1136 2159 1228 2239 gulo-

91 2281 159 2334 sas,
180 2269 357 2335 ventrosus,
378 2259 542 2335 animales,
562 2261 719 2338 bestiales,
739 2261 878 2322 indoctos
884 2302 895 2335 ‚
915 2259 1011 2340 impie
1030 2259 1157 2334 zelosos,
1176 2267 1227 2336 ty·

89 2380 225 2440 rannus,
245 2358 440 2440 suspiciosos,
460 2379 589 2441 porcos:
608 2370 644 2420 ut
663 2359 769 2422 veniat
789 2379 883 2440 super
902 2379 954 2420 eos
974 2359 1023 2420 ira
1042 2357 1161 2418 domini
1173 2377 1227 2416 us-

90 2481 157 2541 que.
174 2459 210 2519 in
229 2458 341 2533 finem,
380 2453 485 2520 'omnis
511 2451 633 2542 sanguia
662 2459 815 2540 justorum
837 2479 856 2519 a
878 2461 1029 2540 sunguine
1049 2458 1225 2539 primorum

89 2571 266 2640 martyrum
277 2564 381 2638 'usque
392 2559 434 2618 ad·
443 2559 595 2634 ,ultimum
606 2560 731 2642 iustum.
762 2560 906 2620 Potentes
915 2558 998 2618 enim
1011 2565 1155 2639 potenter
1168 2575 1226 2634 pa-

88 2660 240 2721 tientur·
280 2659 343 2718 Sed
362 2679 427 2718 non
445 2661 632 2741 recogitant,
658 2679 723 2719 uon
742 2659 864 2719 vident:
884 2657 958 2738 quia
976 2651 1152 2728 obcaecabit
1174 2673 1227 2712 eos

89 2759 217 2822 malicia
232 2759 417 2838 essuporbia
437 2777 567 2822 eorum:
582 2759 675 2819 Gaesi
695 2757 779 2820 enim
799 2767 872 2818 sunt
892 2769 923 2819 et
942 2757 1035 2818 duces
1055 2771 1225 2816 caecorum.

87 2859 277 2922 Benedictus
297 2859 468 2937 Dominus,
490 2857 654 2940 inquiunt,
682 2857 755 2938 qnia
774 2856 885 2918 divites
901 2855 977 2916 iacti
995 2877 1120 2927 sumus:
1142 2851 1225 2921 occi-

87 2962 201 3022 damus
220 2968 252 3018 et
271 2967 448 3033 mactemus,
471 2969 504 3020 et
521 2957 586 3024 non
605 2957 707 3018 solum
720 2956 883 3018 tondamus
901 2977 1035 3037 gregem,
1057 2954 1111 3016 sed
1131 2953 1224 3014 etiam

87 3059 300 3132 trucidemus,
328 3060 416 3119 velut
434 3059 521 3140 lupi,
548 3058 636 3126 velut
655 3057 730 3122 ursi.
792 3056 918 3117 Sufficit.
931 3058 991 3126 eis,
1015 3055 1100 3136 quod
1118 3071 1225 3116 omnes

88 3161 209 3224 reditus
229 3169 261 3220 et
280 3161 361 3220 bona
381 3159 442 3240 ipsi
460 3158 634 3240 possident,
681 3157 765 3238 quud
785 3177 879 3238 equos
900 3155 1044 3216 nutriant
1063 3151 1224 3234 speciosis-

89 3261 209 3333 simos,
243 3271 275 3320 et
293 3259 412 3326 utinam
433 3269 470 3320 ut
492 3258 639 3320 haetenus
656 3277 747 3318 nuuc.
762 3277 805 3316 ne
822 3255 905 3333 nihil
929 3253 1061 3335 pessime
1082 3259 1172 3330 agant
1181 3255 1225 3338 ,et

88 3359 303 3432 scelestissime
324 3357 519 3438 profundant
537 3355 910 3440 patrimoniumchristt
957 3345 1223 3430 Phalerascoufi-

89 3461 177 3522 ciunt
197 3479 238 3519 ex
258 3478 335 3520 auro
358 3471 389 3520 et
409 3470 536 3540 argento
556 3469 588 3521 et
608 3459 712 3532 ferra,
739 3455 851 3536 quibus
871 3472 1025 3534 equorum
1037 3449 1131 3536 pedet
1151 3465 1223 3516 mu*

89 3561 191 3635 niunt,
214 3579 255 3618 ex
273 3569 416 3642 argento:
440 3581 535 3642 quum
555 3558 681 3634 iuterim
704 3575 855 3638 pauperes
870 3551 988 3612 Christi
1008 3560 1116 3631 egeant
1132 3559 1237 3628 panes

89 3671 122 3722 et
140 3660 301 3720 mendicus
328 3661 465 3722 Lazarus
491 3659 548 3722 vix
574 3655 706 3734 saturari
733 3650 829 3736 possit
856 3653 894 3714 ds
920 3649 1027 3726 micis,
1070 3668 1149 3738 quae
1170 3664 1222 3703 ca-

88 3763 168 3823 dunt
188 3761 228 3820 de
251 3759 365 3820 mensis
387 3761 527 3841 ipsorum
546 3760 618 3840 plus
638 3777 730 3838 quam
750 3752 884 3829 Crdsiis,
920 3752 992 3832 plus
1012 3769 1104 3830 quam
1124 3745 1223 3824 Syba-

88 3861 206 3935 riticis,
228 3858 347 3934 statiis,
368 3855 656 3941 voluptuosissimia
704 3857 773 3922 'Da
790 3851 899 3914 scortis
921 3871 986 3927 nou
1006 3849 1093 3924 dico,
1123 3865 1222 3926 quum

87 3959 149 4018 hoe
167 3958 210 4019 sit
233 3971 337 4020 tamen
356 3960 452 4039 magis
471 3959 660 4020 humanum:
695 3973 871 4038 quanquam
892 3971 929 4012 ea
949 3949 1082 4010 habeant
1101 3964 1166 4005 non
1187 3953 1222 4002 ut

87 4059 218 4137 vulgus,
241 4059 296 4121 sed
315 4059 538 4120 venustissima.
589 4061 630 4120 Et
648 4058 778 4118 fortasse
798 4063 829 4114 et
848 4051 908 4112 hoc
927 4047 1138 4121 tolerandum,
1160 4043 1223 4104 nisi

86 4178 153 4218 non
171 4169 220 4220 tot
237 4160 330 4220 etiam
351 4161 431 4220 clam
451 4168 627 4242 stuprarent
647 4154 838 4237 juvenculas,
860 4171 925 4212 non
945 4159 992 4208 tot
1010 4146 1222 4207 commiterent

89 4257 243 4348 adulteria
263 4271 296 4324 et
315 4261 450 4324 incestus
469 4271 501 4324 et
519 4258 687 4343 sacrilegia.
748 4252 908 4337 Quicquid
936 4249 1088 4336 optimum
1119 4255 1164 4306 est
1188 4243 1222 4304 iu
