2846 4716
213 347 279 417 502
517 351 1041 420 PHILALE'MIIS.

213 516 350 590 quatuor
376 505 576 572 Mancharum
602 508 721 594 argenti
747 507 821 592 puri
854 507 1004 570 duntaxat
1034 505 1082 589 jus
1102 481 1204 567 ¹dandi
1232 523 1340 566 eorum

214 607 255 668 sd
285 619 481 690 mespectat:
520 621 576 672 aut
604 610 719 690 siquis
752 611 808 670 illa
834 607 900 689 ipsa
931 608 1009 667 velit
1043 617 1252 680 commutare,
1291 613 1342 664 aut

214 703 353 788 alioquin
384 710 440 769 sub
466 711 616 790 pensione
642 710 816 790 resignare,
858 708 891 766 id
920 727 970 766 me
995 718 1103 768 autore
1128 705 1198 766 fieri
1229 705 1342 765 licebit

214 809 337 868 Henna.
355 809 446 868 Nihil
465 808 576 867 borum
598 809 746 889 intelligo.
791 813 884 868 Puer.
913 808 984 866 Non
1008 807 1123 868 miror:
1152 816 1184 864 at
1214 825 1273 884 ego
1295 803 1344 862 in·

128 957 130 960 .
213 908 337 988 telligo,
356 921 402 988 ¹ut
429 909 481 988 qui
502 913 659 983 noverim,
686 931 748 988 quo
769 919 857 989 pacto
879 907 1049 988 eruptiones
1084 905 1344 982 venditionesque

216 1007 404 1087 contingant.
444 1008 666 1088 Hicprofecto
689 1009 797 1067 Simon
819 1027 882 1066 non
905 1017 950 1066 est
972 1008 1097 1079 Simon,
1140 1004 1173 1066 hi
1198 1016 1275 1064 sunt
1296 999 1346 1060 Si-

192 1095 322 1164 'mones
341 1108 494 1168 acerrimi.
537 1108 572 1166 Si
592 1108 755 1189 pecuniam
777 1107 886 1180 habes,
913 1106 980 1166 sine
1000 1105 1140 1187 negotio,
1182 1104 1255 1164 sine
1278 1124 1345 1161 rno-

120 1197 122 1202 ’
213 1204 321 1279 lestia,
342 1226 421 1286 quae
447 1208 533 1270 voles
555 1207 637 1287 apud
652 1206 808 1266 Fucbaros
833 1207 1012 1286 prostituta,
1037 1207 1075 1264 ab
1095 1204 1346 1265 Romaneusibus

213 1302 280 1363 istis
302 1307 503 1367 commercari
526 1306 641 1366 licebit.
682 1305 838 1386 Majorum
872 1306 963 1366 etiam
988 1306 1145 1368 redituum
1173 1301 1347 1364 sacerdotia

213 1401 280 1482 ipse
301 1403 360 1464 sibi
381 1406 525 1485 pontifex
545 1406 709 1467 vendenda
734 1407 864 1466 retinet:
900 1405 1025 1465 solvunt
1055 1405 1155 1477 enirn,
1192 1423 1271 1484 quas
1292 1423 1346 1461 an-

213 1513 300 1562 uatas
322 1515 449 1566 vocant:
491 1514 522 1566 et
549 1524 611 1585 quo
631 1503 714 1565 nibil
735 1507 942 1578 retineamus,
980 1504 1055 1585 quin
1078 1506 1121 1564 eis
1142 1507 1175 1564 iu
1197 1502 1346 1584 praedam

213 1602 319 1676 cedat,
362 1625 419 1664 cea
447 1625 520 1666 oves
547 1604 644 1686 lupis,
686 1604 743 1664 hos
764 1605 803 1664 ad
825 1605 981 1664 minorum
1003 1605 1160 1664 redituum
1180 1603 1345 1664 vendenda

213 1703 382 1764 sacerdotia
414 1703 476 1764 huc
505 1704 543 1764 ad
571 1725 629 1764 nos
660 1700 763 1765 mittit.
813 1705 902 1782 Quae
932 1704 1036 1763 omnia
1066 1717 1171 1763 nostra
1191 1703 1278 1763 fiunt
1298 1723 1344 1763 so-

213 1802 334 1882 cordia¹
368 1804 518 1885 nobisque
560 1804 710 1864 utramvis
744 1803 778 1863 in
823 1823 931 1892 qureru
965 1823 1073 1864 secure
1110 1803 1344 1864 dormientibus.

213 1903 420 1985 Expectemus
439 1903 603 1984 paululum
642 1893 839 1983 sinamusque'
869 1903 999 1984 grassari
1029 1904 1085 1963 hos
1108 1903 1243 1979 diutius,
1276 1923 1344 1963 ves·

213 2011 259 2062 tes
287 2023 411 2083 quoque
440 2014 558 2063 noemae
587 2004 738 2078 vendent,
766 2003 877 2083 quibus
905 2003 1074 2083 placuerit,
1105 2013 1198 2083 atque
1220 2003 1341 2063 tandem

213 2123 328 2164 uxores
350 2123 482 2183 quoque.
526 2103 611 2182 Quid
641 2123 717 2176 vero
744 2103 833 2184 pejus
858 2105 974 2184 poterit
1006 2105 1174 2184 excogitari
1197 2123 1342 2184 unquam,

214 2224 306 2283 quam
335 2203 427 2276 illae,
465 2225 540 2284 quas
569 2213 700 2277 vocant,
745 2203 934 2284 pensiones?
984 2203 1074 2264 Nihil
1101 2205 1247 2285 profecto
1277 2213 1343 2264 sunt

213 2305 316 2379 alind,
342 2293 433 2384 qiram
455 2312 650 2384 praetextus,
671 2303 783 2384 quibus
805 2304 912 2364 Simon
934 2302 990 2362 ille
1010 2303 1160 2383 pessimus
1182 2304 1342 2385 obtegitur,

215 2406 270 2486 qui
292 2404 410 2467 Christi
431 2405 500 2462 loco
519 2404 634 2485 primas
655 2403 690 2463 in
710 2399 827 2462 Christi
853 2401 945 2461 modo
966 2403 1095 2463 ecclesia
1124 2417 1227 2486 partes
1248 2406 1343 2467 babet.

213 2507 326 2585 Legat.
347 2505 411 2565 Has
432 2503 692 2564 measfacultates
712 2513 762 2575 tu,
784 2503 918 2580 chuo,
939 2500 1002 2581 jam
1020 2507 1171 2564 memoria
1192 2507 1343 2587 compleo·

213 2604 313 2666 tenisi
355 2607 478 2664 Hanno.
507 2603 625 2663 Tenaci
661 2601 847 2664 admodum.¹
877 2603 987 2682 Legat.
1019 2603 1080 2663 Fac
1113 2625 1196 2685 ergo,
1217 2608 1343 2666 sentiam

214 2714 301 2766 tuam
320 2703 515 2770 industriam.
556 2707 653 2764 Puer.
680 2701 748 2782 Ego
775 2701 849 2762 huic
886 2703 1100 2763 nomenclator
1120 2723 1194 2778 ero,
1227 2707 1344 2786 egregie
1407 2743 1408 2760 .

215 2806 299 2868 euim
321 2804 428 2864 doctus
450 2804 502 2863 aba
525 2781 655 2863 te'sum.
694 2802 806 2880 Legat.
826 2803 928 2863 Vacca
941 2814 1013 2877 tua,
1033 2803 1158 2878 Henna,
1182 2806 1264 2866 mihi
1286 2828 1344 2868 uon

216 2915 262 2966 est
281 2925 373 2985 opusc
395 2913 448 2971 tu,
469 2901 594 2962 vendita
621 2921 673 2977 ea,
707 2902 747 2961 ad
775 2921 825 2962 me
853 2903 1018 2982 pecuniam
1047 2907 1182 2984 portato!
1224 2909 1344 2967 Henna.

214 3005 348 3071 Faciam.
390 3004 505 3080 Legat.
522 3002 564 3060 At
583 3001 675 3060 modo
696 3021 753 3081 ego
773 3001 899 3061 interim
920 3001 1037 3063 bullam
1057 3003 1115 3063 tibi
1139 3014 1169 3064 et
1196 3009 1345 3067 conscribi

215 3115 247 3168 et
267 3101 380 3183 signari
395 3101 519 3180 jubebo,
539 3110 584 3174 ut,
605 3119 675 3159 cum
698 3100 828 3180 pecunia
848 3100 936 3176 adsit,
959 3122 1027 3162 eam
1042 3117 1180 3184 paratam
1197 3105 1346 3168 invenias.

215 3213 337 3272 Henna.
357 3202 453 3264 Modo
476 3219 523 3260 eo.
563 3200 651 3274 Vale,
668 3200 817 3261 Domine!
860 3203 971 3282 Legat.
992 3203 1120 3265 Valetol
1154 3208 1254 3267 Puer.
1273 3210 1346 3269 Pro·

215 3329 291 3395 pere
313 3305 373 3380 abi,
393 3301 524 3362 Hanno!
569 3303 690 3360 Henna.
709 3299 779 3359 Hoc
799 3319 896 3382 agam.
938 3302 1018 3364 Vale
1037 3303 1181 3382 interitu,
1203 3307 1251 3366 mi
1270 3308 1345 3372 Bra·

215 3431 270 3486 uo,
290 3407 414 3490 optime
427 3402 467 3466 dc
486 3421 539 3464 mo
559 3402 684 3465 merite!
726 3403 828 3462 Paer.
845 3402 940 3465 Vale!

553 3507 968 3574 'FINIS.

522 3669 1055 3735 AdLeotcs-em.

303 3793 339 3856 si
351 3789 477 3873 quidte,
496 3789 605 3864 lector,
626 3788 800 3876 offenderit,
821 3810 936 3871 aequus
949 3790 1095 3872 judicato,
1114 3812 1173 3874 pro
1190 3797 1347 3856 atrocitate

220 3896 269 3961 rei
296 3893 397 3955 adhuc
427 3889 510 3950 nibil
530 3889 602 3949 setis
623 3898 677 3950 est.
716 3889 823 3950 Effusa
843 3891 919 3950 haec
940 3903 1013 3954 sunt
1033 3893 1145 3970 modo,
1177 3895 1268 3958 bravi
1291 3917 1347 3956 ωι-

219 3997 288 4080 jora
321 3991 524 4074 gravioraque
555 3997 731 4070 expectato:
757 4009 859 4072 neque
884 3991 1031 4054 desistent
1051 3993 1112 4057 mei
1132 3995 1251 4076 reliqui
1271 3995 1348 4058 cives

221 4114 333 4176 magno
356 4109 485 4151 numero
507 4090 567 4148 hoc
586 4089 678 4148 modo
698 4095 842 4170 grassari,
863 4092 924 4154 nisi
945 4094 1069 4154 tandem
1091 4093 1141 4154 his
1160 4115 1227 4156 non
1248 4093 1349 4156 iereu·

224 4194 271 4255 dis
301 4191 390 4254 malis
412 4189 529 4249 Christi
554 4189 705 4250 liberetur
734 4192 879 4268 ecclesia,
911 4212 946 4253 ac
965 4191 1135 4254 Germania
1159 4215 1254 4258 suum
1282 4193 1350 4257 reti·

223 4299 296 4352 neat
323 4309 453 4362 aurum,
481 4307 516 4346 aa
534 4307 642 4350 veram
668 4289 708 4348 ab
727 4289 768 4350 iis
786 4294 970 4373 religionem
993 4293 1097 4356 discat.
1141 4295 1193 4357 Tu
1213 4293 1347 4364 interim,

224 4387 301 4448 baso
320 4386 440 4466 legens,
459 4385 558 4448 risum
578 4388 751 4463 continete,
771 4390 845 4454 licto
865 4394 984 4476 potius!

621 4484 948 4508 ···················
