2866 4724
453 341 503 410 11.
549 288 881 421 oenone-a.
964 379 975 388 -
1130 343 1234 409 ees

95 500 194 584 prius.
236 500 430 584 nepetam,
457 500 485 560 si
505 517 570 564 non
590 494 689 580 magis
708 495 801 598 etiam
819 499 935 581 pietate
955 500 1179 585 expugnandus
1191 500 1234 563 ait

95 620 189 681 quam
210 599 314 662 armis.
372 600 533 683 Apostoli,
553 598 728 682 quitatum
750 610 971 662 converterunt
989 603 1116 677 orbem,
1137 622 1232 682 qnam

94 709 220 779 gentem
248 717 385 778 unquam
419 699 514 760 armis
544 697 739 775 reduxeruut
754 697 797 775 ad
816 698 998 760 Christum?
1037 699 1155 764 Pietate
1174 721 1232 760 uu-

94 809 177 874 tem,
198 798 349 872 docmina,
371 815 406 856 sc
418 796 537 858 virtute
555 817 644 879 reges
664 807 696 858 et
714 807 861 878 tyrannos
881 798 921 858 ad
939 820 973 859 se
992 811 1172 882 rapuerunt.
1197 803 1231 861 0.

93 897 260 958 Assentior
280 894 426 976 quidem:
449 915 512 974 quo
530 917 607 959 vero
627 905 717 978 paeto
738 896 913 978 perficiam,
931 899 1046 960 nescio.
1080 903 1132 966 M.
1145 899 1231 962 Con·

93 997 184 1073 silio,
202 1009 241 1058 ot
259 996 337 1069 dixi,
357 993 512 1058 bonormn
524 996 676 1058 virorum.
700 997 798 1058 Dabit
815 996 900 1057 enim
921 997 978 1058 tibi
999 1009 1031 1059 et
1051 998 1128 1060 baec
1147 1009 1231 1060 aetas

67 1079 71 1088 ¹
92 1097 306 1171 Hieronimoa
320 1094 462 1168 Basilius,
478 1094 715 1171 chrisostomus,
734 1094 878 1177 Cyrinus,
896 1097 990 1157 modo
1003 1097 1141 1158 volueris
1154 1098 1229 1179 ipse.

92 1196 264 1276 Nunquam
283 1195 344 1256 hoe
364 1194 488 1257 lucilius
508 1195 593 1256 laetu
615 1194 678 1256 luit
696 1215 788 1276 quam
808 1215 911 1272 nune,
932 1215 1033 1276 quum,
1049 1197 1229 1278 linguarum

94 1306 125 1356 et
143 1297 297 1356 bonarum
325 1276 496 1355 literarum'
516 1295 618 1356 studia
643 1305 813 1378 coeperunt
839 1295 1029 1358 refloresure.
1089 1290 1228 1374 Accedit,

91 1395 178 1475 quod
196 1397 278 1458 bons
295 1393 474 1455 mortalium
494 1415 565 1474 pars
584 1395 624 1455 sd
643 1394 705 1456 hoe
726 1396 859 1476 aspirat:
889 1405 926 1456 ut
944 1415 1025 1477 pure
1044 1395 1228 1478 sincereque

90 1496 197 1556 colant
215 1494 383 1556 Christum.
438 1493 531 1555 Nihil
542 1504 646 1556 autem
666 1514 743 1577 opus
764 1505 809 1554 est
828 1514 923 1575 equos
941 1495 1076 1570 calcare,
1102 1497 1157 1556 ubi
1177 1497 1229 1577 ip-

90 1599 118 1656 si
136 1595 180 1657 ad
201 1613 328 1656 cursum
346 1603 420 1655 sunt
438 1593 603 1676 proclives.
650 1593 859 1657 Praeterea
828 1613 861 1654 ss
883 1603 915 1654 et
932 1593 968 1654 in
987 1594 1097 1657 restris
1117 1596 1228 1656 decre-'

89 1699 129 1758 tis
149 1705 254 1758 ratum
276 1691 337 1774 estl,
359 1703 396 1754 ut
419 1693 548 1756 biennio
569 1715 692 1778 semper
711 1687 918 1776 provinciales
936 1694 1047 1774 synodi
1068 1694 1228 1757 eelebren-

88 1810 158 1875 tur,
179 1794 335 1877 generalia
357 1803 460 1854 autem
483 1793 616 1858 coneilio
637 1790 776 1875 quolibet
786 1793 937 1852 decennio
950 1787 1173 1870 habeantur,
1146 1815 1227 1875 quo·-

88 1895 214 1959 modo
204 1916 266 1976 Jam
288 1913 360 1954 nou
373 1896 509 1954 maxime
530 1894 752 1973 necessarium,
779 1893 833 1952 ubi
853 1894 891 1952 ab
912 1893 1000 1954 sonis
1020 1895 1143 1955 nullum
1163 1897 1226 1956 tale

89 1998 131 2058 sit
151 1995 310 2069 habitum,
350 2004 382 2054 et
400 2003 483 2055 totus
509 1993 576 2074 ipse
595 1993 729 2054 mundus
749 1992 836 2054 abire
860 1993 999 2073 coeperit
1024 2003 1093 2074 post
1114 1995 1227 2056 Sathe-

88 2096 187 2158 naml
229 2099 262 2157 0.
275 2093 413 2164 Adnitar
430 2094 534 2174 quoad
560 2104 678 2174 potero.
718 2093 953 2172 Tempestivum
973 2102 1032 2168 est,
1061 2105 1098 2154 ut
1115 2115 1225 2155 rursus

88 2199 195 2257 abeam
215 2196 250 2256 in
269 2195 382 2268 vitam,
403 2213 443 2256 ne
463 2192 595 2274 Angliae
618 2192 671 2253 vel
692 2191 866 2251 Galliarum
888 2212 946 2252 rex
966 2193 1055 2251 nobis
1075 2193 1175 2253 irruat
1188 2196 1223 2253 in

88 2317 229 2378 regnum.
260 2295 335 2354 Gen.
349 2296 486 2375 Degusta
505 2293 592 2374 prius
612 2291 759 2372 cyathum
780 2312 877 2352 unum
897 2293 1038 2352 nectaris.
1060 2295 1130 2352 Cur.
1152 2295 1223 2372 Qua

87 2397 169 2458 mibi
189 2395 383 2456 redeundum
402 2393 478 2454 via?
523 2393 560 2452 G.
582 2391 729 2451 Semitum
750 2391 926 2452 monstrabo
941 2393 1066 2452 brevem
1080 2393 1223 2456 iaoilem-

85 2518 157 2578 que.
199 2499 231 2557 0.
252 2496 341 2568 Vale,
364 2493 581 2554 Maximiliaue
601 2493 783 2552 beatissime.
809 2495 859 2552 M.
880 2493 965 2567 Sine,
987 2501 1023 2552 ut
1043 2501 1073 2551 te
1093 2493 1224 2554 deoscu-

84 2597 133 2658 ler
153 2594 250 2677 prius.
289 2594 346 2655 Dii
365 2594 424 2655 tibi
444 2603 530 2653 tuam
550 2593 713 2654 tortunent
732 2591 941 2652 valetudinem
960 2590 1025 2664 fili,
1057 2611 1120 2677 quo
1143 2593 1221 2654 haeo

84 2695 128 2756 ita
150 2685 323 2774 exequaris.
359 2689 405 2753 (l.
427 2692 537 2756 Cernis
556 2692 778 2754 subobscurum
798 2691 1149 2770 tenueque,mve1mi
1162 2713 1221 2774 per

83 2796 198 2858 rimam
218 2793 353 2856 influens
373 2793 490 2856 lumen.
541 2795 573 2853 0.
595 2791 707 2852 Video.
771 2791 809 2856 G.
834 2792 917 2852 Illud
938 2791 1063 2872 patritie
1085 2803 1220 2870 antrum,

83 2895 199 2956 deiude
210 2894 388 2976 Hispanias
407 2894 634 2969 subterranea3-
652 2891 711 2952 bae
731 2891 911 2965 descendas,
941 2902 1034 2972 atque
1050 2893 1136 2954 illico
1148 2895 1222 2954 fue*

83 2996 126 3056 tis
145 2995 183 3054 in
201 2990 312 3076 patris.
352 2995 384 3054 0.
405 2994 545 3054 Gratiam
565 2992 683 3061 habeo,
704 2992 795 3050 Geni.
838 2991 875 3050 G.
895 2991 936 3051 Et
954 2993 1014 3054 tibi
1028 2993 1132 3055 omnis
1148 3013 1221 3054 suo·

35 3163 38 3172 ¹
83 3096 196 3158 oedem
217 3095 257 3156 sd
277 3104 366 3173 vota,
390 3095 504 3156 Carole
522 3105 641 3175 terque·
653 3101 823 3175 quaterque
843 3093 947 3154 beate!
972 3131 975 3139 ,
