2872 4722
348 353 616 414 oescun.
665 351 890 414 v1u0u.
1138 347 1241 444 en,

75 514 236 594 ignoranter,
257 517 337 568 tuuc
360 505 468 569 fuisset
489 507 626 591 Populisr
649 507 743 570 etsie
764 508 815 570 fui
835 509 1015 585 absolutus,
1037 507 1110 590 quis
1122 495 1179 569 tia-

74 612 126 672 buit
144 597 321 690 potestatem
344 608 566 690 Episcopalem.
628 608 670 670 Et
696 627 754 689 per
772 609 856 668 Deos
876 628 933 690 ego
955 607 1065 683 eredo,
1096 608 1180 688 quod

73 710 93 772 si
110 707 193 770 ruitis
210 707 337 766 aurare
357 707 571 769 corruentium
591 716 742 782 vestram,
783 716 905 788 oportet
934 706 1037 768 faeere
1055 707 1179 766 confer-

73 809 168 869 sionem
188 805 324 866 Officiali
347 806 536 867 consistorii.
579 807 620 867 Et
639 806 812 888 ignorantia
829 827 893 866 non
912 815 1012 886 potest
1032 823 1180 865 excusare

74 906 136 967 illud
152 914 327 986 peccatum,
349 907 423 986 quia
435 905 585 968 deberetis
598 906 767 987 respicere:
787 915 819 966 et
830 907 849 966 J
850 905 939 965 udsei
952 904 1067 965 babent
1079 923 1178 966 unum

73 1006 170 1085 gilium
188 1003 344 1064 circulum
367 1015 438 1064 ante
457 1005 492 1065 in
510 1005 623 1085 pallio,
649 987 741 1086 ‹guem
762 1003 914 1066 deberetis
934 1003 1068 1078 vidisse,
1100 1004 1182 1064 siout

74 1115 98 1164 et
113 1124 160 1184 ego
178 1102 251 1165 ridi.
293 1103 381 1183 Ergo
404 1114 450 1165 est
466 1099 640 1185 ignorantia
659 1123 773 1177 crassu,
795 1113 826 1163 et
845 1121 909 1163 non
930 1104 1013 1164 valet
1031 1101 1070 1163 ad
1090 1104 1181 1163 abso·

72 1203 190 1264 lutioneu
207 1202 338 1281 peccati.
402 1201 453 1262 Sic
468 1223 539 1284 ¹pro
564 1213 640 1266 tunc
664 1203 746 1264 dixit
771 1200 851 1263 mihi
876 1201 932 1262 ille
953 1203 1179 1264 Bucculeurius.

73 1301 122 1361 Sed
138 1301 205 1382 quia
223 1321 278 1360 vos
300 1299 377 1362 estis
396 1291 578 1381 profundae
590 1303 785 1384 Theologus,
806 1319 949 1383 rogovos
962 1302 1082 1376 devote,
1105 1321 1180 1362 nec·

71 1421 121 1460 nou
149 1399 321 1475 humiliter,
367 1409 516 1480 quatenus
550 1401 721 1482 dignemini
745 1399 825 1461 mihi
850 1401 972 1462 solvere
991 1394 1179 1483 praedictam

72 1499 275 1580 quaestionem,
296 1507 332 1558 et
351 1499 503 1573 scribere,
525 1519 565 1559 sn
584 1511 628 1560 est
648 1511 806 1582 peccatum
819 1501 967 1576 mortale,
988 1520 1028 1560 eu
1046 1498 1178 1573 reniale,

71 1599 185 1676 simplex
204 1619 302 1673 casus,
326 1618 368 1658 an
388 1597 595 1680 Episcopeiis,
625 1619 664 1664 au
683 1599 817 1681 Pepalis.
870 1599 912 1659 Et
930 1598 1023 1662 etiam
1042 1597 1179 1660 scribatis

70 1697 157 1771 mihi,
185 1717 223 1757 an
242 1697 370 1758 ridetur
389 1697 494 1771 vobis,
531 1699 613 1778 quod
634 1699 716 1759 cives
736 1700 770 1760 iu
784 1698 1008 1764 Frauooiordia
1026 1705 1109 1759 recte
1130 1695 1179 1756 is-

70 1797 164 1869 oiunt,
183 1797 260 1875 qnod
278 1797 394 1858 habeut
413 1797 499 1856 illam
515 1779 783 1874 consuetudinem,
817 1798 902 1879 quod
921 1795 1106 1878 permittunt
1124 1796 1180 1855 Ju-
1228 1817 1230 1822 ·

71 1895 155 1954 ducor
171 1893 306 1956 incedere
327 1895 363 1955 iu
383 1895 491 1956 babitu
512 1897 716 1976 Magistorum
737 1907 926 1958 nostrorum.
963 1895 1046 1957 Mihi
1056 1887 1181 1956 ridetur

71 1994 145 2072 quod
163 2013 223 2053 non
244 2006 287 2056 est
302 2005 442 2069 rectum,
462 2005 493 2056 et
513 2005 558 2055 ert
577 2015 723 2076 magnum
741 1995 930 2069 scandalum,
951 1996 1035 2076 quod
1055 2001 1179 2055 nonest

73 2093 229 2156 differentia
246 2093 331 2154 inter
351 2095 481 2155 Iudaeos
501 2103 531 2154 et
550 2095 713 2174 Magistros
734 2105 864 2168 nostros,
884 2095 976 2154 etiarn
992 2103 1037 2174 est
1049 2112 1112 2154 uns
1124 2090 1180 2150 de-

73 2191 135 2250 risio
154 2203 359 2254 sacrosanctae
379 2191 557 2274 Theologie.
598 2195 640 2254 Et
666 2194 879 2254 serenissimus
907 2193 1061 2252 Dominus
1078 2192 1180 2270 Impe-

74 2301 143 2350 rator
160 2293 244 2352 nullo
266 2293 360 2352 modo
383 2291 506 2353 deberet
534 2291 617 2372 peti,
650 2291 735 2372 qnod
764 2311 845 2352 unus
872 2289 1022 2364 indueus,
1060 2289 1114 2376 qui
1134 2295 1180 2347 ert

72 2389 138 2449 sicut
154 2391 250 2464 oanis,
278 2402 312 2450 et
331 2400 375 2451 est
395 2373 540 2482 primitur
562 2388 695 2464 Christi,
727 2389 818 2460 debet
845 2389 989 2450 incedere
1015 2387 1094 2448 sicut
1112 2387 1180 2446 Do-

74 2499 127 2550 otor
145 2509 246 2550 morae
264 2491 461 2572 Theologine.
502 2489 609 2573 Etiam.
623 2489 712 2549 mitto
725 2487 813 2549 vobis
827 2507 924 2550 unum
943 2487 1097 2552 dictamen
1109 2485 1181 2544 Ma-

73 2587 149 2667 gistri
169 2587 371 2648 Bernhardini
390 2589 571 2670 Plumilegi,
592 2589 761 2668 vulgariter
781 2587 974 2662 Fuderleser,
995 2585 1079 2667 quod
1097 2582 1181 2644 misit

73 2685 141 2746 milri
157 2707 197 2747 ex
212 2684 445 2758 Witteuburck,
484 2690 550 2749 Vos
569 2689 654 2748 onim
675 2686 804 2750 novistis
827 2707 917 2762 eum,
938 2685 1011 2766 quis
1025 2683 1180 2750 fuit'olim

75 2795 158 2846 iuter
170 2797 309 2847 constans
329 2788 365 2846 iu
384 2789 554 2850 Darentrie
560 2833 571 2861 ,
600 2797 631 2848 et
647 2786 728 2857 nisit
748 2787 839 2860 mihi,
860 2786 944 2866 quod
955 2783 1071 2847 fecistis
1083 2783 1113 2844 ei
1124 2782 1181 2842 bu·

76 2903 134 2944 nrm
152 2885 340 2958 societatem,
372 2887 489 2968 etipse
509 2888 610 2948 adhuc
630 2897 675 2946 est
694 2888 793 2949 bonus
814 2885 930 2958 socius,
955 2893 996 2946 ,eg
1023 2902 1181 2944 commen-

78 2981 179 3044 dstvcs
196 2984 413 3063 laudabiliter3
443 2997 474 3047 et
492 2987 536 3046 sio
555 2986 654 3047 valete
673 2986 708 3046 in
728 2984 855 3050 nomine
877 2984 1016 3045 Domini.
1064 2985 1181 3045 Datum

78 3083 216 3164 Lyptsick.

110 3249 151 3308 M.
163 3249 367 3310 Bernlrardue
379 3251 594 3330 Plssmilegres‚
615 3252 664 3312 M.
684 3249 818 3314 Ortuinc
842 3251 971 3324 Gratia,
993 3251 1027 3312 S.
1040 3249 1085 3313 D,
1098 3249 1139 3330 l?

145 3389 215 3446 Mus
236 3390 334 3445 miser
350 3399 395 3445 eet
415 3399 504 3446 antro
523 3387 579 3464 qui
593 3385 691 3447 solnm
707 3385 869 3444 clauditur
883 3405 951 3442 urso.
1016 3381 1068 3441 sie
1088 3379 1181 3440 etium

80 3501 181 3560 porrum
201 3485 308 3546 dicere
327 3485 366 3544 de
388 3505 454 3559 me,
475 3505 546 3545 cum
566 3486 812 3564 supportatione,
832 3479 1018 3541 venerabilis
1033 3480 1094 3548 uir,
1109 3477 1182 3558 quis
1251 3471 1257 3485 ’

81 3599 158 3642 suem
177 3605 313 3666 pauper,
351 3585 379 3645 si
399 3585 543 3644 haberem
562 3593 681 3646 tentum
703 3603 801 3642 unum
822 3581 971 3650 amicum,
1008 3587 1039 3638 et
1059 3575 1185 3658 quando

81 3677 125 3738 'tile
144 3703 219 3754 uuus
246 3684 428 3764 euperdsret
457 3705 525 3756 use,
562 3692 636 3742 tunc
658 3705 722 3742 non
742 3682 887 3742 haberem
909 3677 1022 3750 elium,
1057 3677 1113 3758 qai
1132 3693 1184 3735 me

82 3785 202 3842 tractaret
222 3783 435 3846 amicabiliter.
476 3781 658 3846 Sicutnunc
677 3781 801 3861 quidam
821 3781 915 3839 Poeta
934 3775 996 3849 hic,
1016 3775 1072 3856 qui
1090 3795 1184 3842 roca-

82 3883 122 3934 tur
139 3879 290 3960 Georgius
316 3882 461 3955 Sibotes,
497 3890 528 3941 et
539 3867 593 3940 ‘est
623 3901 704 3941 unus
729 3901 769 3941 ex
795 3867 897 3938 Poetis
920 3875 1125 3949 secularibus,
1153 3883 1184 3936 et

82 3972 143 4054 legit
160 3982 280 4058 publice
300 3981 334 4042 in
354 3983 493 4054 Poetria,
527 3989 622 4041 erest
647 3979 722 4038 alias
742 3980 841 4038 bonus
861 3977 969 4037 socius
1017 3973 1079 4034 Sed
1106 3975 1185 4036 siout

83 4089 128 4131 vos
145 4078 237 4155 scitis,
262 4081 313 4140 isti
333 4081 461 4155 Poetae,
497 4080 621 4160 quaudo
639 4100 702 4142 non
723 4087 794 4138 sunt
818 4078 909 4140 etiam
931 4073 1086 4156 Theologi
1106 4073 1186 4136 sicut

84 4189 142 4247 voe,
160 4198 276 4260 semper
295 4182 405 4242 volunt
426 4178 652 4260 reprehendere
672 4178 763 4244 alios,
786 4187 815 4238 et
835 4175 1064 4264 parvipendunt
1080 4173 1185 4236 Theo·

86 4270 165 4352 1⁰30s.
214 4279 254 4342 Et
273 4280 368 4342 semel
386 4279 421 4342 in
442 4299 505 4342 uua
523 4278 618 4340 scobs
637 4278 671 4340 iu
694 4277 785 4338 domu
804 4299 876 4353 sue,
912 4275 1034 4358 quando
1054 4273 1187 4335 bibimus
