2896 4716
392 345 934 422 onscuu.v1uote
1161 355 1225 420 253

13 509 14 548 ⁷
92 515 246 586 famosas,
258 529 362 594 'quem
382 513 452 574 talis
472 512 524 574 vir
542 511 718 592 composuit
737 511 983 582 intentionaliter
1001 512 1226 576 Defensorium

92 616 249 674 Sacrae'F
251 613 315 673 idei
337 623 449 674 eontra
469 611 646 673 Catholicae
666 613 798 674 loannes
816 612 990 688 Reuohlin,
1023 622 1053 672 et
1072 635 1226 694 sequaces,

92 715 194 774 dando
221 713 266 773 eis
285 711 380 772 bonas
401 731 581 772 momulus.-
627 712 689 772 Sed
709 712 836 792 possetis
865 713 983 772 dicere:
1026 713 1132 790 Quare
1157 713 1227 773 talis
1312 759 1314 772 .

93 814 188 872 mittit
208 811 289 872 mihi
310 812 402 870 talem
424 811 564 871 librum?
627 811 750 884 Credit,
793 811 875 890 quod
891 831 955 870 non
981 824 1045 872 met
1066 810 1163 875 habeo
1185 812 1227 871 li-

92 916 162 975 bros
178 896 291 974 sanai*
315 911 518 990 Respondeo,
552 911 636 991 quod
656 931 720 971 non
742 909 824 970 facio
844 920 980 992 propter.
1041 911 1082 970 Et
1102 911 1226 990 quando

93 1011 224 1094 putatis,
249 995 343 1100 tqipad
363 1010 435 1068 misi
452 1011 541 1071 vebia
560 1011 654 1070 talem
675 1009 792 1070 librum
812 1019 992 1090 propterea,
1013 1019 1089 1070 tnnc
1108 1008 1227 1068 faciatis

15 1164 19 1176 .
93 1113 172 1171 mihi
192 1108 358 1186 injuriam,
403 1110 559 1188 quiafeci
578 1131 650 1170 eum
671 1109 753 1169 bona
773 1107 929 1188 opinione.
983 1109 1024 1169 Et
1042 1129 1107 1168 non
1131 1107 1227 1172 debe-

93 1212 132 1271 tis
153 1210 298 1282 credere,
325 1207 410 1286 quod
421 1208 613 1288 parvipendo
635 1229 708 1280 vos,
742 1207 825 1290 quod
846 1205 965 1266 habetis
985 1227 1099 1288 paucos
1120 1208 1227 1283 libros,

95 1309 165 1392 quia
184 1307 268 1381 seio,
291 1306 374 1386 quod
394 1305 513 1368 habetis
535 1307 649 1368 multos
669 1306 776 1385 libros.
825 1304 908 1382 Quia
926 1305 994 1366 vidi
1014 1308 1107 1380 bene,
1128 1327 1228 1384 quau·

96 1408 204 1469 defui
225 1405 262 1464 in
282 1406 374 1466 stuffa
394 1418 497 1467 vestra
519 1405 681 1480 Coloniae,
724 1405 808 1484 quod
828 1404 977 1466 habuistis
997 1407 1110 1466 multos
1131 1407 1228 1466 libros

93 1508 127 1572 in
147 1525 261 1586 magna
280 1515 311 1564 et
329 1505 364 1565 in
387 1525 483 1585 parva
504 1507 615 1578 forma,
637 1513 667 1564 et
688 1503 785 1584 aliqui
804 1504 933 1566 fuerunt
951 1505 1039 1586 ligati
1059 1506 1095 1564 in
1115 1506 1227 1581 asseri·

92 1609 171 1680 bus,
195 1603 293 1683 aliqui
313 1603 348 1664 iu
370 1604 624 1684 bergamenibus,
651 1613 683 1663 et
702 1603 800 1682 aliqui
820 1604 950 1665 fuerunt
969 1625 1026 1685 per
1039 1613 1140 1664 totum
1155 1625 1228 1664 cum

93 1706 181 1766 corio
201 1705 314 1779 rubeo,
337 1713 374 1782 et
386 1703 499 1776 viridi,
521 1712 553 1763 et
568 1695 676 1781 nigro:
694 1701 792 1780 aliqui
811 1724 869 1782 pro
884 1702 1014 1764 dimidio
1034 1705 1227 1794 supertracti,

94 1816 125 1866 et
146 1824 203 1864 voa
223 1802 341 1863 sedistis
362 1801 477 1862 habena
497 1802 653 1882 flagellum
674 1801 708 1862 in
730 1823 823 1862 manu
844 1803 882 1862 ad
904 1803 1100 1883 purgandum
1115 1804 1229 1882 pulve-

93 1926 142 1967 rea
164 1901 283 1962 abinde.
348 1903 439 1964 Tunc
460 1921 515 1982 ego
533 1902 620 1970 dixi:
639 1899 787 1982 Magister
809 1902 961 1977 Ortuine,
990 1923 1046 1963 vos
1066 1921 1123 1981 per
1144 1903 1246 1962 Deos

92 2002 211 2064 habetis
231 2001 345 2060 multos
364 2000 511 2080 pulchros
532 2000 647 2073 libros,
687 2009 718 2060 et
738 2001 849 2061 tenetis
870 2020 921 2060 eos
941 2000 975 2060 in
996 2021 1107 2082 magno
1127 2000 1229 2062 hono-

92 2123 134 2164 re.
176 2103 267 2161 Tunc
282 2099 407 2159 dixistis
429 2099 528 2158 mihi:
572 2099 656 2180 quod
684 2099 729 2158 ita
751 2099 847 2159 debeo
867 2118 1069 2176 cognoscere,
1103 2101 1227 2179 quaudo

93 2199 205 2280 aliquis
227 2209 273 2260 est
293 2197 401 2258 doetus
422 2199 476 2258 vel
498 2219 571 2258 non.
629 2201 713 2276 Quia
731 2197 785 2278 qui
807 2198 940 2257 honorat
958 2191 1071 2272 libros,
1094 2196 1229 2260 honorat

92 2301 187 2362 etiam
208 2297 360 2358 scientias.
420 2299 459 2358 Et
478 2319 496 2356 e
522 2309 630 2359 contra
658 2298 713 2378 qui
743 2317 807 2356 non
827 2295 961 2355 honorat
980 2298 1091 2370 libros,
1134 2299 1228 2368 etiam
1258 2353 1263 2361 .

91 2420 156 2460 nou
180 2398 314 2458 honorat
333 2395 484 2457 scientias.
524 2398 565 2457 Et
585 2397 673 2459 tenui
693 2396 728 2456 in
748 2395 840 2456 corde
861 2397 1008 2480 mentale
1029 2396 1160 2474 dogma,
1195 2409 1228 2458 et

91 2499 205 2559 tenebo
241 2517 297 2577 per
328 2496 433 2566 omnia
466 2497 570 2558 secula
602 2495 811 2568 seculorum,
862 2496 971 2587 Amen.
1042 2494 1159 2556 Datum
1191 2495 1227 2558 in

89 2595 289 2676 Nurnberga.

305 2782 438 2840 Ioannes
459 2781 649 2861 Salluntzig
669 2783 717 2841 M.
740 2762 875 2838 Ortuiuc
897 2778 1017 2838 Gratia.

175 2895 346 2977 scripsistis
366 2897 446 2956 mihi
465 2899 589 2960 noviter
608 2917 703 2957 unam
725 2895 847 2958 literam
864 2896 955 2956 valde
975 2893 1226 2976 vituperativaru,

92 3006 121 3056 et
140 2997 313 3056 criminatis
337 3017 401 3069 me,
423 2997 505 3076 quod
526 3017 591 3056 uon
611 2997 711 3057 scribo
732 2998 837 3070 vobis,
859 2995 1014 3076 quomodo
1034 3005 1092 3054 stat
1106 2995 1139 3053 in
1153 3016 1229 3054 cau-

91 3117 124 3156 sa
143 3095 219 3154 fidei
240 3115 311 3154 cum
331 3097 449 3155 Ioanne
468 3096 634 3156 Ileuchlin.
694 3095 735 3154 Et
754 3097 876 3176 quando
898 3096 960 3176 legi
985 3095 1073 3154 illam
1093 3093 1226 3169 literam,

92 3193 142 3252 fui
163 3193 255 3252 valde
276 3193 373 3254 iratus
396 3204 426 3254 et
448 3195 527 3254 dixi:
572 3198 679 3273 Quare
705 3195 813 3260 scribit
840 3195 919 3254 mihi
941 3193 1032 3266 talia,
1077 3211 1148 3251 cum
1170 3214 1226 3272 ego

92 3292 203 3372 scripsi
224 3293 255 3350 ei
276 3293 350 3352 duas
371 3293 493 3368 literas,
517 3304 547 3354 et
566 3315 631 3354 uon
651 3295 753 3356 adhuc
772 3294 892 3354 medius
912 3290 1031 3352 annus?
1073 3292 1135 3348 Sed
1144 3311 1225 3350 nun-

91 3386 129 3450 tii
149 3411 216 3451 uon
238 3402 513 3470 praesentaverunt
532 3394 607 3453 sibi:
648 3393 724 3474 quid
743 3413 798 3474 ego
819 3411 943 3472 possum
964 3389 1091 3468 iacere?
1111 3389 1151 3448 Et
1171 3389 1228 3450 de-

91 3489 171 3549 betis
191 3490 272 3549 mihi
293 3491 425 3552 firmiter
444 3476 591 3568 credere,
633 3495 717 3573 quod
737 3493 846 3572 scripsi
870 3488 957 3552 vobis
977 3488 1176 3568 singulariter
1195 3498 1228 3548 et

91 3589 298 3663 articulatim,
319 3583 467 3670 qdiequid
486 3591 573 3652 scivi.
593 3640 597 3648 .
616 3594 677 3653 Sed
698 3603 743 3652 est
764 3595 842 3653 bene
862 3586 1022 3670 possibile,
1044 3586 1127 3666 quod
1142 3607 1227 3647 uuu-

91 3689 130 3748 tii
151 3709 216 3747 non
237 3699 432 3770 praesentant
452 3692 556 3766 vobis,
595 3693 679 3774 quod
697 3691 821 3772 quando
848 3673 984 3767 equitavi
1006 3704 1047 3742 ex
1068 3683 1227 3746 Florentia
1266 3741 1270 3760 ,

91 3806 200 3848 versus
220 3788 369 3863 Romam,
408 3798 482 3849 tnnc
501 3791 536 3850 in
556 3790 609 3853 via
628 3785 965 3854 iuveni-reverendum
985 3783 1127 3856 Patrem,
1148 3784 1227 3842 Fra-

90 3893 173 3944 trem
192 3887 339 3947 Jacobum
369 3886 408 3946 de
435 3889 637 3969 Hogstraten,
664 3889 847 3970 Magistrum
867 3890 1061 3943 nostramet
1089 3881 1226 3967 haereti:-
1294 3941 1299 3958 ,

92 4003 163 4058 eae,
184 3985 345 4065 pravitatis
365 3985 600 4066 Inquisitorem,
620 3991 794 4051 venientem
813 4005 854 4070 ex
874 3981 1066 4055 Florentiae,
1087 3981 1143 4040 ubi
1164 3981 1226 4042 im·
1328 4029 1330 4034 s

89 4084 228 4162 patravit
250 4084 370 4164 aliquid
394 4085 429 4144 in
451 4105 541 4147 causa
565 4098 668 4150 vautra
695 4110 752 4170 per
779 4088 895 4164 Regem
916 4079 1072 4140 Franciae.
1134 4082 1226 4141 Tunc

90 4179 228 4243 detracto
264 4183 349 4262 pileo
381 4205 451 4243 meo
472 4177 559 4247 dixit
584 4187 692 4248 ¹Pater
716 4184 905 4256 reverende,
950 4179 1040 4249 estis,
1078 4180 1131 4239 vel
1159 4183 1243 4240 nou'

90 4279 187 4340 esna?
230 4282 323 4342 Tunc
349 4285 520 4364 respondit:
562 4287 628 4367 Ego
648 4309 726 4360 sum,
749 4287 803 4368 qui
822 4303 902 4344 sum·
942 4279 1036 4340 Tunc
1054 4277 1137 4339 dixi:
1159 4277 1226 4373 Vos
