2866 4724
133 391 135 396 .
212 285 302 384 aee
489 309 1069 390 noesnnnoueaovane.

144 559 148 569 .
212 449 657 558 perion···2Nth0'tpernnt
677 469 1031 561 mammutium·
1051 473 1156 543 dicere
1173 475 1211 542 ιιι
1230 481 1349 564 templo

212 579 319 639 antae
340 575 619 657 Mammas-'pace
645 575 798 660 Georgius
815 573 983 660 ΙΙιιοιιιΡιιιιι
1003 577 1263 662 Arcbtapisuopm
1280 582 1349 644 Na.

213 683 358 753 nicenus,
391 665 576 756 ‘Phantasos
589 673 735 758 conquas
747 675 954 751 amanum,
984 691 1015 738 et
1033 678 1202 761 Episcopus
1220 683 1351 744 Wnlfa-
1379 681 1382 692 '

213 787 313 851 tanus,
342 776 616 849 Graecumue,
648 767 792 855 idemque
817 777 1006 839 doctissimus
1032 773 1144 854 senff,
1174 791 1207 840 et
1236 781 1350 842 Petrus

213 876 374 956 Gryphus·
385 867 555 956 Episcopus
576 874 799 946 Foroiiviensis
819 879 930 938 eontra
945 878 1213 958 Homerum-sac
1232 881 1350 942 contir-

214 977 358 1038 mandam
376 974 557 1036 seutentiam
581 967 780 1057 'spirensem'
796 977 934 1065 ¹Quilm's
952 975 1063 1038 auditis
1084 979 1127 1039 M.
1139 979 1178 1038 Ν.
1188 981 1348 1064 sylvester

93 1059 95 1070 ¹
137 1139 140 1146 Δ
213 1077 367 1140 Priecates
386 1093 445 1156 per
465 1073 630 1138 Nicolaum
650 1071 930 1157 dedoleonenberg
951 1076 1079 1139 extorsit
1093 1079 1294 1155 mundaum,
1313 1092 1348 1140 ιιι

214 1181 343 1244 vocant,
377 1175 614 1256 apostolicum,
661 1175 702 1236 de
719 1169 959 1256 superaedendo.
1027 1176 1079 1238 Sic
1106 1177 1196 1238 ιιιιιιιι
1219 1178 1346 1239 interim

213 1290 308 1344 nova.
320 1275 517 1337 molientibus
543 1274 724 1356 productius
739 1287 875 1357 tempus
898 1273 1033 1338 obvenit.
1093 1277 1183 1338 Lens.
1247 1278 1345 1340 Video

214 1377 326 1440 miram
346 1376 547 1436 sedulitatem.
587 1377 718 1454 Rogata
738 1375 820 1436 Mihi
841 1375 950 1453 crede5
987 1376 1068 1437 nihil
1083 1377 1247 1454 omissum,
1265 1377 1347 1458 quod
1394 1409 1400 1422 ·

123 1515 134 1536 ι
214 1480 334 1540 faceret
354 1477 401 1540 ad·
413 1476 526 1570 famam
544 1487 681 1536 nostram
699 1475 863 1548 tuendam,
888 1483 925 1534 et
942 1476 982 1536 ad
999 1477 1194 1557 perdendum
1212 1477 1347 1559 capnio-

213 1583 297 1642 ιιιιιιιΙ
337 1577 418 1638 Nam
443 1561 514 1637 oum
540 1576 636 1636 semel
656 1576 768 1636 crebra
790 1573 980 1657 flagitatione
1000 1577 1205 1667 Oapnionis
1194 1578 1271 1660 Jussi
1298 1599 1346 1638 ea-

153 1685 155 1691 ’
213 1689 282 1740 seut
302 1677 492 1738 Grimannus
511 1687 543 1735 et
563 1675 774 1736 Anconitanus
794 1675 1006 1787 pronuntiare,
1028 1677 1127 1749 effeci,
1149 1687 1186 1738 ut
1206 1697 1345 1738 seorsum

215 1779 254 1839 de
273 1777 387 1858 scripto
409 1775 664 1857 pronuntiarent,
685 1783 716 1836 et
736 1793 798 1856 quo
819 1775 922 1834 minus
942 1775 981 1835 de
1001 1795 1142 1838 successu
1160 1777 1348 1850 dubitarem,

216 1877 346 1959 appdsui
375 1897 458 1938 nova
485 1877 574 1958 jura,
610 1895 722 1956 nempe
748 1875 848 1936 almae
869 1865 1083 1937 Universitstis
1103 1877 1298 1939 Coloniensis
1318 1888 1347 1937 et

214 1977 308 2057 liujus
344 1975 459 2038 sororis
490 1975 694 2038 Lovaniensis
726 1973 953 2035 sentimentum.
1011 1977 1118 2058 ‘Atqui
1154 1978 1346 2058 antiquatum

214 2078 296 2152 init,
318 2084 349 2139 et
367 2084 509 2138 accurate
531 2095 703 2149 excussum,
724 2086 756 2133 et
774 2074 925 2155 rejectum
944 2083 1007 2136 tam
1027 2075 1051 2136 ι’
1064 2077 1202 2158 patribus
1225 2077 1348 2138 concilii

214 2175 451 2253 Lateranensis,
492 2193 585 2258 qnam
605 2173 733 2235 abaliis
745 2173 969 2256 cognitoribus.
996 2192 1000 2203 ’
1023 2175 1264 2261 Respondebam
1282 2187 1346 2238 tum

214 2277 340 2362 quidam
363 2266 544 2351 citatiores,
563 2274 687 2336 sorores
701 2273 774 2334 illas
794 2272 1029 2351 Universitates,
1050 2275 1125 2337 olim
1147 2277 1232 2338 forte
1252 2277 1345 2358 virgi·

214 2385 289 2448 nes,
331 2378 425 2439 modo
449 2393 523 2442 vere
547 2373 743 2456 prostitutae,
788 2381 820 2436 et
838 2372 1031 2456 impudentia
1050 2365 1279 2440 scortaomnia
1297 2399 1347 2438 su·
1387 2369 1391 2376 ’

214 2498 343 2564 perere,
367 2477 451 2562 quod
474 2475 576 2537 ausim
596 2475 715 2540 destoto
735 2473 842 2535 libello
862 2475 1079 2557 pronuntiare,
1098 2483 1178 2538 'eum
1198 2483 1347 2540 testentur

214 2585 249 2640 ‘se
270 2579 420 2640 duntaxat
439 2573 553 2638 vidisse
573 2574 845 2650 consultationem,
880 2585 911 2637 et
929 2595 993 2654 uon
1014 2577 1189 2658 adjunctam
1208 2577 1266 2638 sub
1285 2596 1346 2637 nuo

215 2679 309 2742 titulo
338 2675 584 2740 declarationem.
633 2673 685 2737 Sic
703 2675 815 2750 solent,
836 2676 1029 2757 magnanime
1049 2679 1125 2752 Lee,
1146 2677 1284 2759 argutati
1302 2677 1347 2736 illi

215 2779 327 2841 ludere
346 2767 501 2841 nostratia.
583 2771 624 2838 In
645 2797 766 2838 summa
781 2775 917 2857 tempori
944 2777 1093 2858 tantisper
1123 2775 1277 2854 concessi,
1320 2788 1349 2839 et

201 2879 391 2941 ¹subornati
408 2876 654 2951 Anconitanum,
717 2875 772 2958 qui
799 2875 936 2958 patronis
967 2876 1135 2938 Reuchlini
1163 2898 1230 2941 non
1256 2879 1350 2939 semel

119 2977 122 2984 ’
218 2978 353 3053 diceret,
382 2975 559 3089 pontificem
581 2977 666 3037 nolle
690 2979 798 3036 contis
816 2976 949 3039 'illorum
970 2977 1153 3040 clientulum
1172 2977 1261 3038 ferre
1281 2997 1349 3037 sen-

219 3077 364 3152 tenuem,
395 3095 508 3168 neque
527 3075 599 3158 jure
618 3078 719 3138 licere
734 3075 879 3157 quidem:
927 3079 972 3140 Ac
996 3095 1056 3160 pro
1081 3097 1118 3138 eo
1142 3075 1350 3160 pronuntian-

219 3177 294 3240 dum
317 3198 483 3260 noneste,
523 3177 607 3258 quod
636 3177 770 3240 fratrum
802 3187 837 3238 et
852 3174 1084 3270 Theologorum'
1105 3177 1229 3260 agmina
1250 3177 1350 3238 offen-

218 3279 298 3340 disse
318 3297 383 3338 non
383 3273 557 3391 expediat.
599 3279 712 3340 Sumus
734 3277 816 3338 enim
835 3257 989 3338 columina
1007 3269 1189 3339 Pontificius
1216 3287 1348 3338 structu·

218 3401 289 3455 rae,
303 3373 383 3440 ruit
402 3377 548 3442 universa
569 3377 604 3440 in
624 3379 758 3440 nihilum
769 3376 920 3458 collapsis
941 3377 1194 3460 nobis,idci1co
1217 3387 1247 3438 et
1266 3394 1348 3437 nunc

199 3480 343 3564 'quidem
373 3501 431 3542 nos
461 3489 598 3542 servatos
634 3481 736 3542 valere
762 3479 845 3559 apud
869 3477 1020 3562 populum
1050 3477 1231 3540 auctoritate
1251 3474 1349 3556 prima

220 3583 347 3656 volunt,
381 3581 465 3662 quod
489 3579 554 3642 iilis
571 3579 707 3640 'videtur
725 3578 838 3639 tibicen
866 3578 1021 3640 Ecclesiae
1041 3577 1220 3651 Romanae,
1250 3575 1350 3655 itaque

109 3671 141 3706 ‘'
222 3683 303 3742 male
322 3701 467 3756 securum
487 3681 609 3742 reddidi
635 3680 842 3760 Gaprrionem,
878 3688 910 3740 et
940 3699 1025 3742 nnnc
1052 3679 1141 3743 velut
1170 3697 1211 3738 ex
1236 3674 1351 3737 insidiis

148 3816 151 3830 ι
220 3777 439 3864 inopinantem*
471 3780 597 3845 adortus
630 3779 782 3862 prostravi
823 3777 976 3854 feliciter,
998 3780 1049 3839 ‘et
1078 3777 1199 3839 conieci
1219 3776 1350 3858 penitus.

194 3875 198 3898 ⁵
222 3884 282 3943 Hic
304 3863 548 3956 animadverte„
575 3881 694 3960 quentis
724 3877 880 3940 aerumnis
901 3889 932 3940 et
952 3877 1132 3941 muneribus
1152 3891 1351 3958 expugnare-

222 3985 283 4046 rim
311 3978 463 4065 pu’d'diem
490 3981 647 4058 judicum,
689 3981 744 4062 qui
771 3980 847 4040 eine
857 3978 945 4060 gravi
970 3976 1158 4040 verecundia
1177 3974 1352 4036 nescienmt

223 4071 315 4146 modo
329 4083 562 4184 condemnare,
591 4082 674 4164 qnod
694 4103 752 4164 per
770 4075 886 4162 septem
905 4097 1002 4140 annos
1021 4097 1087 4138 nou
1106 4081 1354 4157 potuerunt,et

224 4185 308 4266 quod
328 4168 411 4244 illi
402 4172 462 4276 a'p'si
486 4182 618 4262 jndices
627 4182 715 4244 toties
743 4179 844 4243 testati
860 4177 1039 4260 neutiquam
1059 4197 1124 4238 esee
1144 4173 1353 4236 condemnan-

225 4285 314 4357 dum,
358 4289 532 4365 quinquam
561 4285 676 4346 occasio
702 4286 834 4348 multum
869 4279 1004 4362 adjuvit,
1045 4299 1124 4360 quac
1158 4283 1203 4336 cst
1237 4271 1355 4356 optima
