2866 4724
447 347 501 412 ιι.
542 343 875 436 cluentis.
1163 343 1237 436 aos-

80 499 174 568 .felix
187 496 376 566 beatissime.
419 503 458 564 Ga
479 487 619 566 netum
626 501 850 586 imperatorum
862 491 1076 594 bolsorquutm
1095 501 1230 569 nudius-

90 603 204 668 tertius
218 602 347 666 ,diunisii
408 606 454 665 Η.
486 603 573 666 Inter
590 603 717 666 'arbores
737 602 923 669 deliciantur
936 621 1006 668 non
1025 604 1147 684 procul.
1190 604 1228 664 G.

89 705 179 778 labes
191 715 228 766 nt
248 703 283 765 iu
294 701 476 790 concionem
495 702 624 768 veniant
642 701 741 762 simol
757 719 876 763 omnes.
915 705 972 762 Ji.
987 703 1106 782 Sponte
1131 703 1229 764 edve-

90 803 201 876 niaut·‚
223 802 264 864 ad
280 801 352 862 ostii
371 798 485 883 opinor
497 801 641 882 pulsum.
673 801 787 864 Viden’
813 801 938 876 Gamla,
974 820 1052 862 oauo
1072 801 1228 884 capillieio

90 900 319 982 admodumque
340 901 494 984 promissa
509 901 603 962 barba
622 899 832 976 venerabilem
852 898 981 962 senem?
1022 901 1094 960 Cor.
1116 900 1227 964 Video.
1260 943 1264 954 .

90 1005 135 1062 H.
157 995 393 1064 Maximilianus
411 1009 465 1062 est.
505 1002 576 1062 aar.
591 1000 683 1063 Alius
695 1013 795 1060 autem
805 999 889 1080 quis,
904 998 1078 1080 quidexuo
1089 997 1227 1080 implexo

89 1095 221 1162 brachio
236 1097 424 1161 comitaturi
464 1101 509 1161 H.
530 1099 660 1162 Carolus
679 1100 749 1176 itte,
772 1113 865 1182 quem
880 1099 1228 1180 maguumvocant.,(1'.

88 1201 214 1263 Accede
235 1200 371 1282 propius.
436 1200 469 1260 C.
491 1199 584 1260 Salve
606 1209 665 1275 ter,
683 1200 820 1262 maxims
838 1199 1023 1262 Aemiliane·
1063 1201 1112 1260 Μ.
1131 1199 1173 1258 Et
1192 1207 1229 1272 tu

89 1321 217 1381 queque
237 1299 371 1358 maxime
391 1296 472 1360 adsis
486 1311 644 1382 prospere.
685 1302 718 1361 C.
739 1301 842 1378 Quam
862 1299 970 1360 felices
990 1297 1150 1378 alisqui
1171 1317 1229 1358 ex·
1333 1377 1338 1384 .

88 1398 137 1462 uti
157 1419 177 1458 e
200 1396 404 1461 morutium
424 1417 548 1458 carcere
568 1397 731 1459 divinitate
757 1397 916 1460 fruimini!
964 1399 1015 1457 M.
1042 1396 1229 1457 Felicissimi

87 1517 233 1580 prorsum
252 1496 306 1558 aad
325 1516 390 1558 non
407 1495 470 1559 nisi
488 1496 590 1557 multo
608 1497 722 1560 sudore
742 1495 921 1579 hujusmodi
934 1497 1057 1577 regibus
1077 1505 1229 1576 parantur

88 1595 230 1658 deliciae.
270 1597 306 1657 C.
326 1595 413 1675 Quid
431 1595 493 1658 huo
512 1615 569 1656 nos
588 1595 764 1659 aeaersisti'i
804 1601 853 1658 Μ.
872 1597 994 1658 Dicam.
1056 1596 1119 1656 Sed
1140 1596 1227 1678 priua

88 1699 190 1758 ιιιιιιιι
210 1695 320 1759 Divos.
359 1695 422 1756 Hie
454 1695 584 1757 Carolus
605 1707 659 1772 est,
680 1695 733 1757 hic
752 1696 923 1771 Hearicns,
951 1695 1010 1758 iste
1027 1694 1226 1770 Lndcvious‚

88 1797 179 1879 juxta
199 1795 365 1858 Fedcricua
384 1813 472 1856 mens
492 1813 620 1875 parens,
647 1795 722 1856 iude
742 1804 774 1855 at
792 1796 907 1876 reliqui
926 1815 1032 1876 reges,
1061 1813 1121 1856 uec
1141 1797 1226 1856 euim

89 1915 198 1956 amnes
218 1913 400 1976 percensere
422 1913 555 1974 possusn.
597 1897 630 1956 C.
652 1895 776 1956 Salvete
795 1897 916 1956 Heme
942 1893 1068 1974 optimi
1073 1913 1137 1954 uns
1158 1915 1227 1964 om-

89 2017 153 2056 nes.
195 1997 290 2058 Divi.
330 1995 371 2054 Et
390 1999 426 2054 tn
444 1993 530 2054 salve
551 2013 690 2074 quoqne,
710 2010 834 2056 necnon
856 2003 887 2056 et
907 2003 1013 2058 nostra
1032 1993 1157 2054 imitare
1170 2015 1227 2056 ve-

88 2094 187 2176 stigia.
227 2097 277 2155 Μ.
297 2093 360 2153 Dic
379 2090 458 2152 mihi
479 2091 608 2164 carole,
629 2093 669 2152 do
688 2104 789 2154 morte
802 2113 898 2167 mea,
920 2113 1012 2171 qnam
1032 2093 1148 2155 habent
1167 2094 1227 2154 ho-

89 2195 190 2256 mines
210 2189 411 2276 opinionem?
451 2193 485 2252 C.
506 2192 609 2269 Quam
631 2191 768 2261 cahere,
793 2191 856 2252 nisi
876 2192 1013 2255 maxime
1033 2192 1140 2272 piam'l
1163 2211 1227 2260 ¹re·-

90 2303 213 2375 ceptum
240 2301 273 2352 te
301 2298 413 2373 putant
439 2289 474 2350 iu
494 2291 636 2352 Deorum
667 2292 782 2352 album.
823 2292 872 2352 Μ.
910 2291 1011 2354 Ludis
1032 2301 1069 2352 tu
1091 2289 1227 2370 quidem.

90 2395 122 2454 u
144 2391 232 2470 Quin
247 2400 280 2451 et
298 2390 418 2452 naeniis
437 2400 469 2452 et
489 2388 597 2470 elogiis
616 2391 774 2456 celebrant
793 2397 882 2450 tuum
907 2391 1034 2452 fatalem
1055 2391 1150 2452 diem.
1171 2394 1225 2465 M.

88 2493 139 2552 De
159 2511 256 2572 reguo
277 2509 353 2554 vero
374 2490 449 2570 qnid
469 2489 594 2551 autumi
644 2491 684 2551 0:
698 2487 858 2552 nubitum
884 2489 923 2550 de
945 2491 1119 2560 Galliarum
1140 2509 1224 2572 rege,

89 2601 143 2652 tuo
166 2590 305 2665 aemulo,
331 2609 441 2652 veruna
464 2591 598 2670 frostra;
623 2607 705 2652 rana
725 2605 780 2669 epe
799 2589 887 2650 lusus
908 2589 998 2663 abiit,
1024 2589 1226 2650 acclamatum

89 2691 169 2752 milri
191 2711 224 2752 a
229 2690 329 2772 plebe.
378 2691 427 2750 M.
446 2689 523 2751 Ita'
513 2709 579 2772 rpse
599 2681 810 2770 disposueram
830 2698 938 2750 exacto
958 2685 1093 2751 comitio
1114 2689 1225 2768 Augu-

88 2789 191 2852 stauai.
231 2789 396 2868 Permagui
419 2809 504 2850 nnnc
529 2789 644 2864 refert,
672 2809 734 2868 quo
754 2789 852 2868 probe
872 2788 950 2847 haee
968 2789 1078 2848 munia
1101 2788 1226 2848 admin-
1295 2843 1298 2850 .

88 2891 186 2952 istres.
231 2891 262 2950 (l
282 2889 428 2950 Feliciter
447 2909 589 2968 prorsus,
617 2887 652 2948 ni
675 2888 858 2950 obstiterint·
868 2889 941 2948 ieta.
982 2888 1085 2952 Multa
1107 2888 1146 2948 de
1166 2887 1227 2948 hac
1336 2897 1339 2903 '

88 3011 123 3051 re
145 3009 219 3050 cum
241 2983 361 3067 Sibylla
382 2988 505 3048 collatio
534 2988 713 3074 spelaeum
720 2987 801 3048 mihi
828 2995 1006 3048 transeunte
1033 2987 1232 3066 sibyllinum.

88 3093 138 3150 M.
180 3090 224 3149 At
257 3087 352 3166 magis
383 3087 586 3168 praestiterit,
628 3087 758 3151 consilio
785 3096 927 3152 trectense
956 3087 1124 3165 negotium.
1184 3088 1228 3147 Et

89 3188 170 3250 mihi
191 3188 348 3269 quendam
368 3187 466 3248 mults
484 3187 711 3268 pollicebantur
729 3186 884 3267 astrologi,
905 3197 996 3266 atque
1012 3187 1080 3266 ipsa
1101 3186 1226 3246 edoctus

88 3286 287 3368 astrologiam
314 3287 473 3368 compari,
500 3307 610 3348 verum
633 3306 713 3362 esse,
751 3288 834 3368 qnod
853 3286 1124 3356 vaticinabanture
1139 3283 1227 3363 atqui

86 3386 252 3450 consilium
272 3408 338 3450 non
358 3385 487 3450 adhibui
506 3395 536 3448 et
554 3407 666 3468 param
686 3387 850 3448 admodum
869 3385 1009 3466 proieci,
1045 3401 1148 3461 neque
1168 3383 1227 3472 ob-

86 3488 253 3549 audiebant
271 3487 438 3568 principes.
502 3487 553 3548 Tu
574 3504 614 3546 ex
632 3505 711 3546 meo
739 3484 880 3567 periculo
906 3503 991 3546 nnuc
1018 3482 1127 3562 sapito.
1189 3484 1231 3558 C'.¹

89 3587 232 3650 Consilio
261 3583 308 3648 et*
321 3583 486 3668 prudentia
522 3585 762 3667 dispensandum
787 3604 851 3644 esse
877 3582 941 3644 eis:
986 3582 1049 3652 sed,
1076 3599 1225 3660 quorsum

87 3685 226 3770 quaeso?
265 3685 492 3747 Aulieornmue
511 3705 551 3746 an
571 3684 777 3765 Principum?
818 3685 866 3743 Μ.
892 3681 966 3742 Νοιι
986 3690 1076 3746 veto,
1098 3680 1225 3740 mallem
1318 3733 1326 3746 ,

83 3799 189 3849 tamen
210 3785 356 3868 praelatis
368 3786 522 3868 aliquibus
537 3784 711 3867 Theologia
752 3785 785 3844 0.
806 3783 909 3861 Papae
929 3779 1113 3858 Theologcs.
1157 3779 1223 3856 Qui

83 3905 224 3967 nuquam
245 3885 402 3947 crudelius
421 3885 649 3965 immaniusque
674 3883 871 3963 imperarunt
895 3899 988 3961 quana
1009 3877 1224 3958 Philosophi?

84 3987 173 4067 Quid
200 3985 298 4058 musis
321 3995 352 4045 et
365 3985 458 4048 sacris
480 4006 551 4064 oum
572 3983 711 4046 armist·
735 3981 868 4062 sapiunt
887 3979 1030 4060 quidem,
1051 3978 1247 4062 fate012re
1321 3975 1323 3986 ’

82 4097 188 4148 autem
208 4106 285 4148 rere
304 4085 396 4148 rudes
416 4095 497 4150 sunt.
537 4087 586 4146 M.
606 4082 745 4155 Cricea's,
770 4079 949 4154 Aristonea,
969 4077 1223 4158 Athenionesque

79 4197 173 4269 putas
192 4183 314 4256 velim?
344 4187 463 4251 Verum
482 4205 547 4251 nou
568 4183 625 4244 hes
646 4180 846 4255 Sooterelloa,
867 4177 1073 4252 ‚Oceanisttffi
1107 4175 1223 4236 Albau-

80 4289 167 4350 tistas
188 4287 222 4352 ιι
241 4285 417 4352 Τιιοιιιίιιιι
435 4287 528 4369 cupio
547 4282 704 4359 adhiberi,
720 4279 809 4363 uui,
831 4287 956 4377 praeter
975 4275 1149 4348 falsumne
1169 4273 1224 4352 iu-
