2896 4716
198 290 271 358 ess·
402 267 405 274 ’
558 277 954 358 eersroiss

199 450 247 514 bis
265 469 371 543 saepe,
392 421 524 532 qualiter
542 469 606 512 non
618 433 687 512 sum
706 449 759 511 lrio
776 449 941 513 libenter..
965 447 1074 524 Credo,
1095 447 1178 530 quod
1197 450 1321 529 Diabo-

198 552 247 614 lus
267 551 402 633 portavit
421 571 470 612 me
489 549 566 625 huc,
601 561 631 610 et
650 571 714 612 uon
734 569 859 632 possum
878 549 1037 624 recedere,
1068 537 1223 628 quianon
1243 561 1321 612 sunt

198 650 251 740 lpic
270 652 368 712 bonae
387 651 560 723 societates,
595 648 673 710 sicut
693 648 728 708 in
741 649 902 726 Almonis,
938 659 969 709 et
988 649 1127 708 homines
1152 670 1215 709 non
1244 659 1321 712 sunt

198 751 242 812 ita
260 751 401 826 sociales,
434 760 464 810 et
482 729 610 829 liabent
617 741 674 828 pro
694 749 794 822 malo,
830 749 952 830 quando
970 748 1079 830 aliquis
1099 749 1193 808 semel
1211 748 1245 808 in
1264 749 1320 808 die

197 860 243 912 est
271 851 396 930 xelarius,
428 857 571 908 vocantes
607 868 680 908 eum
712 867 859 927 porcum:
892 847 985 907 etiam
1019 867 1082 907 non
1111 847 1208 906 habeo
1242 868 1320 928 sup-

113 1001 118 1012 ,
195 969 330 1030 ponere,
371 946 444 1028 quia
464 945 641 1010 meretrices
668 946 778 1008 volunt
802 945 935 1008 multum
955 946 1123 1026 pecuniae,
1164 955 1319 1006 ettamen

195 1067 259 1110 non
288 1055 360 1106 sunt
385 1045 550 1125 pulchrae,
590 1055 621 1106 et
646 1045 714 1106 dico
732 1044 823 1130 *vobis
842 1045 877 1122 in
897 1045 1043 1119 veritate,
1076 1044 1205 1124 quadiu
1227 1045 1319 1106 Italia

194 1154 266 1208 suut
284 1145 328 1204 ita
348 1145 491 1208 distortae
512 1144 657 1232 mulieres
668 1187 677 1219 ,
695 1144 774 1204 sicut
794 1156 839 1203 est
858 1143 1020 1223 possibile,
1055 1143 1320 1223 quamvishabent

193 1243 417 1326 pulcherrimas
435 1245 594 1326 vastasse
614 1244 712 1305 serico
733 1252 765 1303 et
783 1243 940 1304 cameloto.
1003 1242 1087 1320 Quia
1106 1243 1226 1324 quando
1248 1263 1319 1302 mo-
1421 1264 1426 1273 ·

194 1343 298 1402 dicum
318 1351 390 1402 sunt
409 1363 515 1416 senes,
543 1354 619 1403 tuuc
639 1342 742 1403 rtatim
764 1341 878 1404 habent
893 1359 989 1402 curva
1010 1341 1116 1418 dorsa,
1150 1352 1181 1402 et
1198 1341 1319 1402 vadunt

194 1442 281 1523 quasi
302 1442 420 1522 vellent
439 1440 598 1515 merdsre,
628 1451 659 1504 et
680 1441 772 1503 etiam
794 1442 958 1502 comedunt
978 1440 1104 1514 allium,
1148 1449 1177 1500 et
1196 1439 1318 1500 foetent

191 1540 328 1603 maxime
341 1583 359 1613 ,·
373 1550 403 1599 et
424 1550 495 1600 sunt
517 1540 638 1620 nigrae,
673 1561 731 1601 uec
751 1551 823 1601 sunt
841 1539 885 1600 ita
908 1541 994 1600 albae
1013 1538 1092 1598 sicut
1112 1539 1145 1597 in
1166 1539 1318 1600 Almania.

192 1641 270 1701 Item
292 1641 327 1700 in
347 1637 425 1698 facie
443 1647 516 1698 suut
535 1638 685 1718 pallentes
706 1641 785 1700 sicut
805 1661 897 1714 mors,
925 1650 955 1697 et
973 1638 1096 1718 quando
1114 1638 1232 1716 aliquae
1245 1647 1318 1712 sunt

176 1735 323 1814 rubrae,
346 1747 462 1798 certum
486 1749 544 1811 est,
565 1737 798 1821 quodnfecerint
819 1739 878 1800 sibi
897 1739 1032 1800 colorem
1052 1757 1123 1798 cum
1143 1737 1319 1818 unguentis.

192 1837 275 1916 Ergo
298 1857 363 1897 non
384 1836 507 1916 placent
529 1836 608 1896 mihi
628 1836 773 1897 mulieres
794 1837 860 1897 hic:
904 1836 996 1896 etiam
1016 1836 1139 1910 dicunt,
1179 1836 1263 1915 quod
1283 1836 1319 1896 in
1350 1867 1353 1877 ‹

133 2007 134 2010 Ἴ
193 1944 305 1995 aestate
325 1956 389 1994 nou
410 1947 455 1994 est
476 1936 592 1995 bonum
610 1955 785 2016 supponere
804 1936 865 1995 hic.
928 1936 1018 1994 'I'uuc
1040 1935 1109 1994 dico
1135 1956 1208 2016 ego,
1245 1955 1317 2016 ergo

193 2033 296 2096 redire
317 2035 389 2094 volo
409 2035 443 2094 in
470 2033 660 2107 Almauiam,
705 2035 759 2093 ubi
773 2055 908 2116 semper
927 2033 1044 2096 bonum
1066 2047 1110 2093 est
1129 2035 1323 2115 supponere,

194 2141 226 2192 ct
245 2154 335 2214 saepe
353 2132 522 2204 recordari,
544 2132 677 2212 qualiter
696 2133 858 2194 habuimus
877 2134 912 2194 in
932 2123 1240 2194 Daventriasmisias
1258 2153 1316 2214 ego

195 2244 225 2292 et
246 2253 320 2307 ros,
361 2243 391 2292 et
417 2233 532 2292 ivimus
557 2233 592 2292 in
622 2231 798 2313 despectum
826 2234 913 2294 istius
932 2232 1106 2306 domicelli,
1144 2232 1199 2312 qui
1221 2233 1319 2292 etiam

167 2339 172 2343 '
195 2332 314 2392 amabat
333 2341 465 2393 vestram
487 2329 650 2405 amasiam,
671 2334 724 2392 sed
746 2333 813 2414 ipsa
831 2333 996 2395 merdasset
1017 2331 1046 2390 ei
1063 2352 1159 2411 super
1179 2351 1220 2390 os.
1256 2333 1319 2393 Sed

124 2509 126 2518 Ι
194 2450 278 2490 nuuc
299 2430 422 2504 audivi,
443 2432 575 2516 qualiter
599 2431 716 2493 'debetis
742 2453 915 2513 supponere
935 2450 1065 2492 uxorem
1086 2431 1210 2491 Ioannis
1230 2432 1320 2492 Pief-

194 2528 343 2602 tertam,
365 2549 454 2588 causa
474 2529 655 2598 honestetis,
688 2532 760 2612 quia
783 2542 826 2592 est
845 2541 977 2606 secreta,
1022 2539 1052 2589 et
1073 2531 1159 2608 quasi
1178 2531 1317 2601 honesta,

196 2637 227 2686 et
247 2637 291 2685 est
309 2629 434 2702 bonum,
457 2630 577 2707 quando
599 2630 709 2710 aliquis
729 2631 820 2690 habet
840 2619 1047 2710 propriam'in
1060 2641 1192 2707 secret03
1215 2641 1246 2690 et
1266 2631 1317 2690 di-

195 2724 243 2784 xit
262 2746 343 2788 unus
364 2727 490 2800 adme,
528 2729 610 2808 quod
636 2729 762 2806 ioannis
791 2729 989 2789 Pfefferkorn
1010 2731 1105 2790 semel
1124 2731 1240 2792 rixarit
1261 2751 1316 2791 vo-

194 2823 332 2897 biscum,
355 2824 457 2882 dicens
478 2825 610 2892 advos:
643 2827 683 2884 D.
698 2826 849 2910 Qrtuine,
873 2850 928 2910 ego
947 2830 1076 2905 vellem,
1110 2831 1193 2910 quod
1214 2849 1314 2889 coms*

196 2919 308 2989 daretis
329 2941 369 2980 ex
388 2931 490 2982 vestra
509 2924 622 3002 patella
642 2935 673 2986 et
691 2926 909 3004 permitteretis
929 2951 979 2990 me
992 2929 1151 2990 comedere
1171 2949 1211 2988 ex
1227 2949 1317 3006 mea3

197 3025 227 3076 et
247 3037 302 3076 vos
323 3018 378 3078 diu
398 3040 460 3080 non
482 3022 693 3100 intellexistis,
716 3025 789 3103 quia
809 3026 863 3086 ille
884 3027 934 3088 uir
954 3038 999 3090 est
1019 3030 1109 3090 valde
1126 3027 1265 3106 subtilis,
1288 3036 1319 3088 et

196 3135 317 3198 semper
338 3117 748 3200 loquitur'aenigmaticein
776 3125 967 3192 Breverbiis:
1008 3128 1062 3206 sed
1086 3127 1210 3207 quidam
1240 3127 1319 3186 ami-

197 3235 250 3274 cus
270 3225 390 3290 vester,
415 3218 494 3277 sicut
512 3239 567 3300 ego
591 3221 697 3281 audivi
717 3221 754 3280 ab
775 3222 856 3296 aliis,
890 3226 1032 3302 exposuit
1051 3228 1138 3286 vobis
1158 3228 1213 3286 illa
1233 3247 1319 3286 arcs-

197 3332 239 3376 ne
257 3316 371 3389 verba,
408 3316 530 3377 dicens:
559 3318 624 3398 Ego
651 3321 780 3392 vellem,
822 3312 903 3400 quod
930 3324 1127 3392 comederetis
1157 3346 1196 3384 ex
1215 3336 1319 3386 vestra

197 3413 328 3494 patella,
353 3414 436 3503 quod
455 3421 667 3496 supportaretis
689 3433 821 3480 vestram
842 3420 1020 3499 mulierem,
1050 3435 1081 3484 et
1097 3423 1319 3505 ,permitteretis

2 3512 4 3589 l
149 3543 153 3557 x
198 3531 249 3572 me
270 3513 429 3572 comedere
448 3533 487 3572 cx
507 3534 577 3602 mea
591 3518 721 3596 patella,
760 3517 872 3593 idest,
915 3540 980 3579 non
1004 3523 1165 3600 tangeretis
1187 3511 1319 3608 uxorem

2 3592 6 3829 ἱ
199 3619 315 3687 meam,
337 3611 390 3670 sed
408 3611 550 3674 sineretis
572 3616 623 3674 me'
644 3636 713 3678 eam,
732 3629 863 3694 tangere.
919 3617 982 3696 Ego
1002 3620 1069 3679 dixi
1088 3622 1140 3681 hic
1160 3623 1199 3681 ad
1220 3643 1320 3702 quen-

200 3709 270 3768 dam
278 3711 418 3784 Poetam,
435 3713 684 3792 quodquaereret
699 3716 783 3774 illam
793 3714 1318 3801 Proverbiamin'ProverbiisEras-

2 3834 3 3837 ¹
200 3808 254 3868 mi.
277 3808 448 3888 Respondit
461 3812 557 3886 mihi,
575 3815 658 3893 quod
670 3834 734 3874 non
747 3823 845 3893 potest
853 3815 1014 3899 iuvenire.x
1026 3819 1109 3878 Dixi·
1115 3819 1158 3878 ei:
1181 3839 1254 3898 ergo
1264 3819 1319 3878 ille

2 3839 6 3991 ι
97 3968 100 3974 ,η
150 3936 153 3946 ·
200 3904 393 3968 Authornon
403 3910 612 3986 estsufficiens‚
622 3912 863 3973 seddiminutus.
878 3915 939 3974 Sed
949 3911 1184 3994 quandoaudivi
1195 3917 1318 3976 haecde

200 4005 316 4065 Ioanne
324 4007 521 4069 Plefferkoru
533 4009 611 4071 dixi:
633 4013 716 4091 quod
729 4023 773 4072 est
781 4012 915 4072 nominis
923 4014 1103 4091 invidiosus,
1123 4017 1150 4076 si
1161 4015 1237 4077 iacit
1246 4016 1316 4088 hoe,

151 4127 152 4134 ¹
204 4102 277 4182 quia
292 4116 337 4161 est
355 4123 416 4163 una
431 4109 612 4184 proverbia,
633 4111 715 4190 quod
734 4113 900 4172 amicorum
920 4115 1024 4185 omnis
1039 4125 1111 4176 suut
1128 4115 1317 4187 communia,
1333 4104 1344 4131 ¹

2 4274 8 4327 1
205 4201 343 4278 quamvis
365 4201 460 4282 aliqui
480 4205 597 4284 dicunt,
630 4211 714 4290 quod
741 4229 854 4271 uxores
880 4210 1121 4294 debenttexcipi.
1181 4215 1251 4296 Ipse
1271 4225 1317 4276 ta-

1137 4356 1143 4385 l
