2896 4716
380 337 921 404 OBSCUR.V1ROR.
1153 335 1216 402 251

85 513 127 564 est
147 511 242 564 natus
264 519 304 562 ex
323 499 440 560 Berlin.
503 497 537 556 si
558 496 654 557 vultis
674 513 788 556 nomen
809 493 874 573 ejus
893 493 987 567 scire,
1008 503 1084 554 tuno
1102 494 1219 554 scriba-

84 604 123 662 tis
143 603 242 675 mibi,
274 611 305 660 et
327 601 426 658 dicam
446 597 543 657 vobis.
596 595 663 675 Ipse
686 595 961 667 stetit-Bononiae,
982 594 1036 654 ubi
1057 595 1120 656 fuit
1140 595 1219 672 bene

85 703 268 781 castigatus3
288 699 341 759 sed
361 709 462 758 tamen
485 695 586 754 adhuc
605 696 744 774 loquitur
764 704 870 755 contra
892 693 1085 773 Theologqs,
1123 689 1220 753 et'est

57 814 60 827 ¹
87 803 166 862 male
179 799 391 871 Christianus,
416 806 446 855 et
467 805 569 854 manet
592 795 626 852 in
648 795 799 874 parvitate
821 814 891 866 sua,
921 803 952 852 et
972 813 1044 872 ergo
1068 792 1220 853 morietur

87 903 121 960 in
141 901 303 981 gehenna,
340 920 358 956 a
381 917 441 975 qua
461 893 616 954 Dominus
639 896 725 954 Dens
746 903 907 952 conservet
924 913 995 964 vos,
1031 901 1062 950 et
1082 891 1221 951 Theolo-

88 1019 156 1080 gos,
190 1009 222 1058 et
247 1000 370 1058 Fratres
400 994 645 1066 Praedicatores,
679 1013 738 1073 per
767 992 871 1050 omnia
901 993 1004 1052 secula
1035 993 1220 1065 seculorum,
1317 1011 1321 1036 ¹

88 1101 198 1160 Amen.
240 1099 356 1157 Datum
378 1093 619 1156 Francofordiee
639 1093 722 1174 apud
743 1092 888 1153 Oderam.

171 1298 307 1354 Ioannes
322 1293 489 1375 Helferieb
496 1332 507 1363 ,
529 1294 646 1354 Latine
660 1293 797 1368 Jupiter,
818 1293 980 1368 Magistro
995 1290 1138 1351 Ortuino.

171 1433 312 1492 Salutem
333 1453 403 1493 cum
433 1429 609 1490 humillima
628 1427 894 1488 commendatione
921 1427 985 1487 sui!
1028 1426 1223 1489 Venerabilis

91 1531 227 1590 Domine
249 1531 411 1611 Magister,
444 1531 523 1590 sicut
538 1529 670 1588 scribitis
685 1528 779 1602 mihi,
801 1527 883 1608 quod
905 1527 1023 1588 habetis
1044 1527 1225 1588 admiratio-

89 1651 161 1690 nem
184 1630 310 1704 abiude,
333 1629 416 1710 qnod
436 1641 514 1689 voco
537 1650 586 1687 me
608 1627 741 1707 Jupiter:
785 1629 900 1700 sciatis,
923 1627 1005 1709 quod
1025 1628 1148 1707 quando
1163 1639 1224 1690 ste-

90 1732 116 1790 ti
137 1730 296 1802 Viennae,
331 1738 405 1787 tuno
428 1729 534 1800 audivi
556 1729 703 1787 leotiones
726 1727 760 1785 in
781 1723 922 1802 Poetria,
957 1737 987 1788 et
1007 1727 1068 1787 fuit
1088 1729 1133 1788 ibi
1154 1713 1226 1810 qui-

93 1815 167 1888 dam
188 1828 307 1905 juvenis
327 1829 437 1902 Poeta,
473 1827 528 1908 qui
551 1827 614 1887 fnit
635 1827 774 1906 dispnlus
795 1825 930 1885 Conradi
949 1825 1061 1901 Celtis,
1084 1839 1115 1888 et
1132 1849 1226 1889 voca·
1272 1883 1274 1894 .

91 1942 145 1989 tur
168 1925 321 2006 Georgius
334 1927 477 2003 Sibutue;
497 1927 563 2006 ipse
585 1925 648 1986 fuit
669 1927 769 1985 socius
790 1945 891 1999 meus,
913 1936 943 1985 et
963 1948 1085 2008 semper
1108 1929 1226 1990 fuimus
1286 1959 1290 1964 ·

94 2051 167 2090 uua.
228 2031 269 2088 Et
289 2028 370 2086 dixit
391 2026 486 2087 mihi:
527 2027 578 2085 Tn
601 2025 692 2084 debes
716 2025 817 2084 vocari
838 2025 973 2105 Jupiter,
1015 2028 1086 2108 quia
1106 2029 1227 2110 Jupiter

92 2131 207 2189 Latine
228 2140 274 2186 est
295 2127 396 2198 idem,
431 2125 513 2205 quod
535 2123 699 2186 Helforieh
719 2123 906 2196 Teutonice,
935 2125 1026 2184 etsie
1046 2140 1157 2204 vocant
1177 2150 1227 2189 me

92 2247 178 2288 nune
198 2227 329 2306 Jupiter.
389 2226 450 2282 Sed
470 2225 524 2284 ille
546 2225 641 2284 Poeta
662 2242 745 2282 nuno
766 2233 811 2280 est
832 2223 1045 2304 Wittenberg;
1075 2226 1120 2285 ibi
1141 2250 1228 2288 aoce-

93 2330 140 2408 pit
163 2349 258 2390 unam
281 2325 435 2405 antiquam
459 2325 611 2396 vetulam,
635 2343 712 2402 quae
734 2321 814 2381 vixit
834 2323 921 2381 annis
942 2327 1132 2407 septuaginta
1149 2338 1230 2402 octo,

92 2429 145 2486 vel
168 2427 266 2508 paulo
287 2426 365 2506 plus.
429 2426 494 2503 Ego
516 2423 565 2482 fui
586 2422 682 2480 semel
703 2421 737 2480 in
759 2423 851 2482 domo
870 2421 952 2500 ejus,
974 2427 1097 2504 qnando
1119 2430 1229 2488 aurbu-

90 2527 160 2587 lavi
187 2546 230 2583 ex
250 2524 392 2601 Prassia3
413 2533 487 2584 tune
508 2522 563 2581 illa
585 2522 690 2582 vetula
706 2521 784 2582 sedit
803 2534 885 2581 retro
907 2523 1074 2585 fornacem.
1137 2530 1250 2594 Tune¹

91 2624 165 2686 dixi
190 2625 237 2683 ei:
279 2632 323 2708 est
342 2622 395 2682 ista
418 2633 517 2682 mater
538 2621 661 2680 vestra?
692 2621 880 2712 Respondit:
901 2643 983 2697 nou,
1019 2626 1072 2685 aed
1095 2636 1139 2686 est
1160 2628 1230 2687 foe-

93 2727 186 2784 mina
208 2733 239 2783 et
259 2743 340 2782 uxor
361 2742 437 2781 mea.
498 2722 538 2781 Et
559 2720 627 2779 dixi
647 2721 693 2780 ei:
736 2723 842 2798 Quare
870 2725 1045 2803 ¹sumpsistis
1078 2726 1120 2786 ita
1149 2727 1231 2787 anti-

95 2845 192 2905 quam
214 2819 374 2882 vetulam?
416 2819 604 2900 Respondit;
646 2820 729 2900 quod
752 2831 795 2881 est
817 2821 917 2882 adhuc
937 2824 1016 2884 bona
1038 2825 1072 2886 in
1094 2825 1232 2888 fornica-

95 2926 206 2996 tione,
249 2933 279 2979 et
301 2921 393 2979 etiam
412 2919 505 2979 habet
525 2921 658 2980 multum
677 2921 843 3000 pecuniae,
873 2931 903 2981 et
922 2925 979 2984 seit
999 2925 1102 2986 faeere
1120 2928 1231 2988 bonam

97 3019 299 3103 cerevisiam,
321 3031 351 3079 et
370 3030 476 3100 postea
496 3021 605 3079 vendit
626 3039 692 3079 eam
704 3062 713 3093 ‚
736 3030 766 3080 et
788 3020 904 3102 colligit
925 3026 1098 3104 pecuniam.
1142 3032 1233 3090 Tune

98 3121 182 3181 dixi:
210 3121 290 3186 bene
313 3119 438 3178 fecistis.
478 3119 518 3178 Et
540 3119 746 3199 interrogavi,
774 3123 929 3199 quomodo
948 3136 1075 3186 vocatur
1095 3127 1234 3190 foemina

98 3219 228 3283 vestra?
270 3217 458 3298 Respondit:
489 3232 519 3277 et
544 3239 599 3298 ego
627 3237 704 3279 vooo
735 3240 802 3278 eam
823 3225 937 3282 Catina
957 3245 1026 3284 mea
1045 3225 1092 3302 *),
1120 3231 1233 3290 Lesbia

98 3341 189 3393 mea,
213 3328 245 3379 et
265 3317 399 3398 Cynthia
422 3339 498 3378 mea.
541 3318 602 3377 sed
623 3325 781 3379 transeant
800 3321 863 3380 illa.
905 3323 1061 3396 Scribitis,
1086 3330 1169 3406 quod
1184 3331 1233 3389 vi·

100 3421 195 3480 detur
213 3419 320 3486 vobis,
357 3420 439 3498 quod
459 3417 560 3478 statim
582 3419 641 3480 erit
659 3430 832 3480 extremum
852 3419 1017 3500 judicium,
1048 3426 1122 3504 qaia
1141 3449 1235 3489 mun-

102 3521 159 3579 dus
180 3520 226 3577 ita
247 3538 331 3577 nuno
354 3530 399 3578 est
418 3519 589 3598 pejoratus,
625 3519 709 3598 quod
730 3541 792 3579 non
814 3531 859 3580 est
879 3523 1041 3600 possibile,
1075 3527 1157 3604 quod
1177 3549 1236 3608 po-

100 3627 160 3678 test
183 3618 320 3698 amplius
341 3617 493 3697 pejorari,
517 3629 547 3678 et
568 3617 709 3677 homines
729 3620 821 3680 habet
842 3621 886 3680 sic
907 3623 1002 3682 malos
1022 3634 1132 3704 gestus,
1153 3632 1236 3709 quod

103 3730 148 3776 est
170 3716 325 3776 mirabile.
367 3717 451 3796 Quia
469 3717 598 3797 juvenes
626 3720 737 3779 volunt
764 3741 796 3780 se
817 3722 1017 3802 aequiparare
1036 3725 1176 3801 senibus,
1205 3742 1237 3788 et

104 3816 253 3898 discipuli
273 3817 447 3898 Magistria,
476 3827 506 3877 et
522 3817 652 3879 lanistae
674 3818 858 3903 Theologia,
879 3832 909 3883 et
930 3834 975 3886 est
993 3845 1103 3906 magne
1125 3829 1238 3890 confu-

102 3991 316 4007 m

173 4116 200 4184 *)
218 4115 272 4168 Die
293 4113 389 4166 ilteste
406 4115 529 4182 Ausgabe
546 4117 594 4168 hat
611 4115 723 4169 Corinna
735 4134 804 4186 mea,
823 4135 874 4169 was
891 4117 1030 4172 vielleicht
1046 4123 1155 4177 Corinna
1166 4126 1240 4180 heis-

107 4217 156 4251 sen
185 4199 256 4263 soll,
289 4199 325 4251 da
348 4200 438 4253 dieser
456 4201 586 4269 gefeierte
606 4202 796 4255 Dichterueme
821 4205 870 4256 mit
894 4203 947 4274 den
971 4205 1070 4258 beiden
1094 4210 1241 4278 folgenden

108 4285 171 4340 sebe
188 4284 416 4338 iibereinstinrmt.
