2872 4722
220 339 262 404 98
585 332 986 395 nr1sronnu
1077 309 1080 316 ’

221 497 277 560 cit:
298 496 430 558 Vetusto
450 489 564 554 Oriens
584 487 707 550 collisus
727 509 833 552 errore
860 489 998 552 tunicum
1021 487 1152 551 Domini
1176 489 1349 551 inconsuti-
1400 491 1403 498 ’

221 591 282 659 Ιέιιι
303 596 435 675 desuper
459 597 632 652 contextam
652 598 752 651 totum
773 588 949 668 minutatim
978 590 1138 670 descripsit
1163 609 1221 671 per
1240 590 1348 650 frusta.
1419 589 1420 596 ’

219 698 261 758 Ει
281 715 337 776 ego
356 687 516 772 respondi,
546 685 630 767 quod
652 688 682 748 S.
702 688 913 767 Hieronymus
937 709 1001 749 non
1024 701 1069 750 est
1088 689 1127 749 de
1145 689 1225 768 stylo
1243 689 1348 750 Evan-

220 794 309 877 gelii,
330 811 388 852 nec
407 787 598 848 immodieite
620 805 661 846 ex
680 786 853 867 Apostolis.
895 796 926 848 et
952 788 997 847 sic
1021 788 1144 850 surrexi
1173 789 1213 849 de
1233 809 1347 860 mense,

220 908 251 956 et
269 889 385 984 reliqui
405 889 476 948 illos
496 885 671 946 tentatores.
733 885 798 947 Vos
818 885 934 946 debetis
951 879 1048 961 scire,
1081 887 1166 967 quod
1184 898 1248 948 tam
1269 887 1348 948 irre-

219 969 431 1054 essentialiter
450 988 622 1067 loquuntur
642 983 681 1044 de
700 984 857 1064 Magistris
872 984 1004 1060 nostris,
1027 998 1058 1046 et
1072 987 1260 1047 Doctoribus
1272 986 1346 1048 illu·
1421 1009 1422 1038 ι

219 1088 343 1154 minutis
365 1087 402 1147 in
421 1084 507 1198 fidep
539 1082 623 1163 quod
643 1091 726 1144 certe
747 1073 785 1144 de
803 1082 885 1144 facto
904 1094 1032 1166 possunt
1050 1106 1114 1146 esse
1134 1061 1346 1197 exonmniuni·

217 1290 407 1358 Romanam,
422 1227 460 1344 'et
479 1201 681 1363 impetrarent
701 1300 809 1342 eornm
830 1279 996 1356 beneficis,
1016 1284 1070 1344 vel
1088 1285 1195 1344 saltem
1215 1283 1346 1345 tribula-

217 1397 289 1450 rent
308 1405 360 1444 eos
381 1401 452 1443 oum
473 1379 623 1460 expensis.
666 1377 745 1457 Quis
766 1399 903 1460 unquam
923 1379 1060 1452 audivit,
1087 1384 1171 1472 quod
1191 1382 1345 1463 simplices
1423 1376 1424 1466 l

126 1505 128 1514 ’
181 1473 187 1483 ’
217 1484 295 1551 socii
319 1484 355 1544 in
383 1481 471 1543 nulls
488 1479 646 1540 Facultste
665 1477 801 1558 promoti
828 1478 880 1539 vel
902 1478 1084 1558 (ludificati,
1123 1482 1273 1552 deberent
1292 1501 1346 1540 ve·
1423 1509 1424 1512 ι

218 1605 294 1650 xsre
314 1595 378 1644 ιιιιιι
400 1578 530 1640 eximios
550 1576 651 1652 viros,
683 1575 719 1636 in
741 1575 826 1636 omni
854 1577 997 1658 profecto
1018 1582 1119 1641 scibili
1140 1579 1346 1664 profundissi-

218 1705 302 1759 mos,
324 1693 361 1744 ut
381 1689 454 1740 sunt
474 1676 617 1758 Magistri
635 1674 757 1736 nostri?
791 1674 845 1736 sed
865 1675 926 1757 ipsi
945 1679 1129 1760 superbiunt
1151 1691 1282 1761 propter
1292 1698 1345 1737 sna

176 1765 178 1774 Ι
217 1797 330 1850 metra,
392 1781 458 1860 Ego
478 1778 582 1854 etism⁸
594 1776 657 1836 scio
684 1772 787 1835 facere
815 1786 915 1835 metra
932 1787 966 1836 et
985 1775 1178 1855 dictamine,
1193 1779 1267 1861 quis
1286 1777 1346 1855 legi

161 1932 163 1938 ι
217 1885 312 1948 etism
331 1898 449 1942 novum
470 1876 619 1938 Latinum
640 1873 757 1934 idioma
775 1875 820 1934 Μ.
840 1875 1005 1936 Laurentii
1024 1877 1169 1953 Corvini,
1190 1888 1221 1938 et
1234 1877 1346 1937 Gram-

180 2035 183 2044 .
218 1980 326 2046 mstici
345 1977 536 2049 Brassicani,
557 1988 589 2034 et
606 1973 769 2036 Valerium
790 1973 983 2045 Maximum,
1004 1987 1035 2036 et
1054 1976 1129 2037 elios
1148 1979 1268 2038 Poetss
1308 1977 1345 2035 Et
1425 2053 1426 2062 ἵ

219 2078 386 2165 compilavi
409 2094 511 2156 nuper
529 2073 564 2134 in
584 2070 638 2134 vis
664 2071 767 2133 eundo
789 2092 888 2134 unum
910 2073 1064 2137 dictamen
1084 2076 1250 2140 metricum
1273 2096 1345 2138 con

217 2195 265 2245 trs
287 2184 375 2253 istos,
397 2177 457 2236 hoc
477 2171 586 2232 modo:

302 2282 384 2342 Sunt
403 2273 619 2353 Magantiae'
605 2293 641 2332 ιιι
651 2272 744 2352 puhl'
731 2293 782 2332 soa
794 2275 922 2344 Corona,

298 2381 341 2444 In
363 2396 427 2456 qna
438 2393 539 2450 nuper
556 2371 692 2434 (tormini
710 2377 889 2452 inproprie
905 2394 1053 2453 persona,
1139 2392 1147 2414 ‘

301 2479 377 2541 Duo
395 2473 558 2534 indiscreti
573 2470 720 2551 bnfines,

198 2593 200 2608 ¹
300 2579 342 2642 In
366 2576 541 2654 Magistros
560 2583 680 2630 nostros
696 2574 944 2635 irreverentiales
960 2574 1134 2646 nebulones,

301 2678 367 2756 Qui
389 2672 506 2732 audent
525 2671 741 2763 reprehendere
753 2675 921 2759 magistros
942 2676 978 2732 in
1000 2674 1174 2756 Theologia‚

306 2765 458 2856 Quantis
477 2773 541 2848 ipsi
558 2791 620 2828 non
634 2782 709 2828 sunt
727 2775 865 2846 promoti
886 2775 921 2830 in
940 2773 1157 2852 Philosophia,

301 2877 370 2937 Nec
387 2873 492 2929 seinsrt
514 2872 550 2927 in
572 2869 686 2928 scholis
702 2869 888 2948 formaliter
903 2870 1075 2948 disputare,

300 2975 343 3033 Et
360 2989 399 3028 en
415 2985 481 3026 nna
498 2968 693 3040 conclusione
712 2969 813 3028 multa
825 2970 993 3029 corollaria
1005 2970 1157 3050 firnsare.

310 3071 352 3128 Ut
377 3067 461 3152 docet
475 3065 763 3145 semdamentaliter
785 3067 904 3126 Doctor
920 3065 1056 3148 subtilis,
1083 3074 1090 3090 '

304 3170 370 3248 Qni
390 3167 557 3226 contenmit
575 3187 666 3233 eum,
689 3179 734 3224 est
749 3168 883 3226 maltum
905 3170 991 3228 vilis.

307 3270 350 3328 Ut
367 3263 559 3328 concludunt
584 3265 771 3344 quotlibeta
789 3268 936 3326 Doctoris
952 3269 1197 3351 irrefragabilis,

302 3369 367 3448 Qui
392 3375 438 3424 est
460 3365 656 3424 insolentiis
675 3385 738 3424 non
759 3366 1001 3446 expugnabilis.-

299 3471 344 3530 Et
362 3484 424 3526 non
444 3466 549 3524 sciunt
573 3462 712 3542 quidest
728 3466 846 3524 Doctor
864 3466 1070 3544 Serapliosss,

299 3568 374 3626 Sine
391 3567 450 3644 q‘uo
477 3563 587 3623 nullus
599 3562 647 3636 fit
666 3561 763 3622 bonus
779 3565 957 3642 Pity-siens.-

300 3668 345 3728 Et
367 3665 423 3743 qui
447 3665 600 3722 veraciter
629 3663 740 3722 scribit
758 3663 878 3722 Ductor
893 3670 1033 3740 'sanctita

300 3765 340 3828 In
359 3763 528 3826 Aristotele
548 3772 578 3820 et
598 3761 778 3842 Porphyrio
794 3773 920 3824 tantas:

303 3863 389 3940 Quia
405 3861 490 3919 solus
505 3863 633 3938 exponit
648 3864 785 3941 quinque
804 3864 1011 3931 universalia,

306 3963 393 4040 Quae
409 3959 562 4018 dicantur
585 3961 680 4019 etiarn
695 3963 830 4041 quinque
842 3962 1082 4038 praedicabilia.

304 4060 333 4119 0
348 4059 546 4140 quambrevi
572 4062 736 4120 continuat
759 4059 857 4119 libras
872 4060 1191 4138 praedicamentum:

300 4159 345 4220 Et
366 4160 463 4218 sumit
479 4158 662 4217 Aristotelis
683 4162 851 4239 sententias
872 4161 1010 4220 morales.

304 4258 391 4334 Quae
408 4257 513 4320 onmia
530 4275 594 4317 non
610 4258 795 4342 intelligant
815 4259 949 4318 Poetae.-
