2872 4722
310 328 314 337 “
378 339 916 427 ossonn.vrson
970 371 974 378 ·
1148 359 1235 425 nr

4 485 9 500 ἱ
78 526 125 585 M.
140 517 430 593 Ortuino'Gratio',
473 519 543 580 viro
569 517 834 580 inenarrabilium
845 517 1074 593 dootrtnarnm,
1096 519 1209 599 Magr-

138 633 203 682 ster
230 619 406 700 Gingolfos
430 619 754 697 Lignipersnssor'is,
771 620 858 678 mitte
876 618 1013 678 millium
1025 618 1148 700 saintes
1203 636 1206 642 ’

398 717 477 778 dicit
500 721 535 777 in
549 717 713 778 -charitate
734 739 796 778 non
804 719 897 795 ficta.

161 873 398 936 Gloriosissimo
417 873 580 954 Magister!
621 874 686 954 Ego
712 893 782 936 omo
802 893 859 936 vos
880 873 1078 954 pectoraliter
1098 893 1139 934 ex
1160 872 1212 934 in·

82 975 156 1036 timo
180 977 268 1051 zelo,
291 975 365 1056 quin
386 994 441 1036 vos
462 973 533 1034 estis
551 993 638 1034 mens
658 972 918 1055 singularissimus
939 972 973 1034 in
986 974 1167 1048 Daventrio,
1183 982 1214 1033 et

83 1073 232 1155 quioquid
251 1095 308 1138 vos
328 1073 480 1162 stimuiat,
501 1069 537 1134 in
557 1072 744 1134 conscientia
763 1083 876 1148 vestra,
899 1071 958 1133 hoo
977 1093 1029 1134 me
1049 1072 1145 1154 magis
1159 1073 1215 1134 sti·
1251 1119 1255 1133 t

83 1174 181 1234 molat
203 1184 235 1233 et
256 1174 340 1254 quod
359 1192 410 1232 me
432 1171 586 1244 stimulat,
616 1171 680 1230 scio
701 1171 786 1252 qnod
806 1189 861 1232 vos
879 1171 971 1232 etiam
991 1171 1148 1248 stimulat,
1185 1181 1216 1234 et

83 1285 186 1332 vester
205 1272 352 1333 stimulus
372 1268 579 1352 sempe1··fuit
600 1271 692 1330 etism
712 1270 856 1330 stimulus
876 1289 977 1344 meus,
999 1282 1030 1330 et
1049 1291 1141 1330 nemo
1161 1291 1217 1334 vos

83 1392 224 1451 unquam
245 1371 433 1443 stimulavit,
474 1368 528 1449 qui
549 1389 599 1428 mo
620 1390 684 1430 non
704 1368 814 1430 durius
834 1368 1025 1443 stimulavit,
1052 1379 1144 1452 atquo
1163 1391 1218 1434 cor

83 1491 192 1530 meum
215 1470 327 1531 totiens
356 1468 474 1551 patitur
501 1467 656 1543 stimulos,
691 1469 833 1548 quotiens
859 1467 971 1547 aliquis
997 1487 1053 1531 vos
1071 1469 1219 1532 stimulat.
1261 1499 1265 1508 ⁴
1316 1520 1321 1532 .

85 1569 229 1630 Credatis
249 1568 328 1629 mihi
349 1567 385 1626 in
406 1567 488 1626 bons
508 1565 587 1640 fido,
620 1567 742 1648 spirando
769 1568 967 1628 Hermrnnus
990 1567 1148 1629 Buschius
1163 1570 1220 1632 sti-

84 1669 223 1728 mulavit
242 1689 297 1729 vos
317 1667 351 1725 in
372 1684 428 1725 suo
441 1665 603 1740 Proemio,
625 1665 757 1746 amplius
778 1685 827 1734 ms
846 1664 1019 1728 stimulavit
1039 1688 1131 1747 quam
1153 1690 1219 1746 vos,

87 1779 123 1826 et
141 1766 292 1846 cogitavi,
312 1764 463 1845 quomodo
483 1784 608 1846 possum
634 1763 727 1827 istum
754 1763 956 1826 indiscretum
976 1763 1143 1828 rixatorem
1170 1789 1223 1830 re-

85 1867 269 1942 stimnlsre,
289 1863 353 1944 {qui
374 1863 469 1924 etiam
492 1873 554 1924 tam
574 1872 845 1944 praesumptuosae
865 1864 1028 1945 superbiae
1048 1877 1107 1942 est,
1138 1867 1223 1948 qnod

88 1965 189 2026 audet
208 1963 365 2024 stimulare
388 1961 552 2042 Magistros
572 1972 693 2024 nostros
716 1962 755 2021 de
776 1961 933 2024 Parrhisin
960 1973 991 2024 et
1015 1963 1158 2041 Colonia,
1192 1976 1223 2028 et

86 2065 157 2145 ipss
177 2073 277 2124 tamon
299 2071 428 2122 nonest
448 2073 617 2142 promotus.
658 2062 809 2139 Quamvis
821 2061 898 2121 socii
913 2063 978 2144 ejus
998 2065 1116 2139 dicunt,
1139 2067 1224 2146 quod

89 2165 157 2244 ipse
180 2173 224 2222 est
241 2170 404 2242 promotus
426 2159 460 2220 in
481 2161 713 2221 Baccolanrium
737 2161 820 2221 Iuris
842 2159 876 2220 in
898 2161 1066 2242 Lyptzick:
1097 2165 1151 2224 sed
1166 2186 1222 2246 ego

89 2283 154 2322 non
177 2262 288 2336 credo,
320 2259 394 2340 quin
417 2260 508 2319 etism
529 2260 668 2320 stimulat
689 2260 852 2338 Magistros
880 2261 915 2320 in
934 2261 1107 2341 Lyptpick‚
1133 2263 1224 2325 vide-

88 2362 165 2421 licet
183 2379 329 2438 magnum
352 2359 466 2419 Canem
489 2360 694 2440 etminorem
715 2358 849 2432 Canem,
872 2369 903 2420 et
923 2361 1000 2420 alios
1022 2361 1146 2434 multos,
1168 2361 1223 2440 qui
1334 2435 1338 2440 ι

88 2480 162 2518 eum
185 2467 315 2537 possunt
333 2458 431 2516 multo
450 2458 555 2536 minus
576 2457 754 2530 stimulare,
777 2477 870 2536 quarn
891 2458 956 2536 ipse
977 2457 1048 2517 ilios
1069 2459 1223 2519 stimulat:

88 2559 215 2618 Verum
236 2555 298 2636 ipsi
324 2558 480 2636 neminem
511 2557 623 2617 volunt
646 2554 805 2615 stimulare
827 2567 955 2636 propter
975 2577 1062 2615 suam
1084 2557 1225 2632 mortali7
1268 2575 1272 2580 ·
1338 2613 1340 2624 ,

87 2666 207 2722 tatem,
241 2664 273 2712 et
293 2665 419 2735 propter
440 2654 613 2715 doctrinam
635 2653 794 2734 Apostoli,
827 2655 974 2716 dicentis:
1014 2655 1142 2729 „Nolite
1161 2657 1225 2717 cal·

90 2758 206 2816 citrare
227 2762 334 2813 contro
354 2753 524 2817 stimulos.“
566 2753 791 2814 Verumtenim
814 2773 908 2830 vero,
938 2773 994 2814 vos
1017 2754 1133 2816 debetis
1153 2776 1225 2817 eum
1324 2798 1326 2802 -

90 2851 306 2927 instimulare,
328 2852 402 2933 quia
420 2853 539 2914 habetis
560 2873 659 2914 unum
680 2852 795 2912 bonnm
817 2852 995 2932 ingenium,
1032 2865 1063 2914 et
1082 2855 1152 2914 estis
1175 2855 1226 2915 in-

92 2950 255 3024 ventivus‚
279 2960 309 3010 et
328 2951 411 3010 scitis
433 2951 466 3011 in
490 2973 552 3012 uno
572 2951 650 3011 hora
670 2950 768 3010 multo
781 2961 880 3012 metra
895 2953 998 3014 facero
1019 2953 1225 3016 stimulativa:

92 3049 175 3109 scitis
191 3050 285 3109 etiam
307 3069 380 3110 eum
400 3050 560 3111 stimulare
580 3049 615 3109 in
635 3048 778 3109 omnibus
797 3051 861 3111 suis
881 3052 971 3112 factis
991 3064 1022 3111 et
1042 3051 1139 3112 dictis.
1160 3055 1225 3134 Ego

94 3148 264 3228 compilavi
287 3169 387 3208 unum
409 3149 561 3209 dictamen
584 3158 691 3209 contra
710 3168 800 3224 enm,
826 3149 990 3232 ipsumque
1011 3152 1227 3231 magistraliter

94 3248 277 3326 poeticaque
296 3246 440 3306 stimulo:
480 3267 545 3306 non
574 3231 687 3328 potost'
701 3247 831 3308 evadere
852 3250 1013 3309 stimulum
1035 3270 1150 3311 meum.
1191 3249 1226 3308 Si

96 3346 164 3405 vult
183 3345 399 3418 restimulare,
417 3333 495 3405 ¹tuno
517 3345 591 3406 volo
613 3347 728 3406 iterum
748 3346 861 3405 fortius
880 3348 1047 3407 stimulare.
1108 3349 1225 3409 Datum

96 3427 227 3524 raptini,
248 3464 290 3503 ex
305 3443 494 3526 Argentino,
525 3444 607 3524 spnd
620 3444 784 3506 Matthinm
801 3443 1062 3506 Schnohstulinm.

98 3639 353 3696 Mammotreetns
380 3637 667 3710 Bantemontellns,
708 3642 744 3698 in
772 3651 886 3716 septem
909 3625 1030 3698 astibus
1057 3641 1226 3720 Magister,

98 3737 142 3798 M.
167 3736 305 3796 Ortuino
329 3737 457 3812 Gratia,
490 3735 700 3816 Philosopho,
730 3737 875 3807 Oratori,
914 3743 1048 3805 Poetae,
1077 3741 1227 3815 Iuristae,

267 3835 433 3916 Theologo,
455 3847 486 3894 et
512 3837 561 3894 sio
584 3839 651 3894 sine
673 3847 778 3905 statu,
816 3836 956 3896 Salutem
982 3835 1062 3894 dicit

531 3933 802 3993 cordialissimam.

177 4057 503 4150 Conscientiosissimo
513 4087 650 4154 Domine
662 4089 708 4149 M.
726 4087 876 4149 Ortnine!
907 4087 1055 4150 *Credatis
1077 4088 1161 4176 mihi
1174 4087 1229 4150 firss

97 4187 314 4269 miter,·quod
334 4207 391 4248 vos
411 4187 483 4247 estis
504 4206 559 4247 oor
578 4207 698 4262 meum,
720 4207 760 4246 ex
779 4207 840 4268 quo
860 4186 968 4248 audivi
987 4190 1114 4250 multas
1129 4189 1230 4270 digni·
1320 4275 1323 4282 V

95 4295 158 4350 nte
177 4296 285 4350 vestro
301 4285 448 4347 in'·Roesi
470 4284 504 4348 in
525 4284 666 4362 Colonia,
689 4283 724 4344 in
744 4305 806 4366 qun
826 4304 882 4348 vos
902 4287 1054 4349 excellitis
1073 4293 1180 4349 omnes
1196 4285 1229 4347 in

981 4384 1027 4448 o*
