2872 4722
97 289 102 312 t
160 289 164 320 l

222 329 284 398 148
581 333 979 398 epistotae

145 535 148 544 ,
221 489 308 555 tlouc
326 490 479 572 superavi.
539 491 579 552 m
603 483 647 550 sic
667 489 862 572 inposuimus
881 489 975 554 finem
996 491 1168 568 collationi,
1207 501 1239 552 ot
1259 492 1351 554 nolui
1428 565 1429 574 ἵ

115 621 118 628 ·
221 587 430 670 quaestionem
443 591 541 668 meam
561 591 596 650 iu
616 591 769 650 medicina
786 610 977 672 proponere,
999 591 1072 670 quia
1084 593 1171 666 scivi,
1186 592 1269 672 quod
1283 593 1350 672 ipse

220 706 286 749 non
307 689 418 762 sciret,
441 709 510 749 cum
532 709 597 749 non
616 689 709 750 sciret
727 690 805 750 mihi
825 690 946 758 solvere
974 689 1053 752 illud
1079 701 1293 772 argumentum
1314 691 1349 750 in
1428 687 1429 754 i

221 787 327 862 Poesi,
361 785 476 866 etipse
496 798 599 849 tamen
621 799 699 849 esset
719 791 836 851 Poeta:
872 797 902 848 ct
932 787 1002 850 dico
1027 810 1085 872 per
1114 791 1233 870 Deum,
1265 789 1351 871 quod
1428 831 1429 854 t

220 907 284 946 non
304 895 430 946 cattam
434 887 602 973 multum,
635 897 673 950 ut
699 889 806 950 dicunt
832 887 871 948 de
894 905 948 963 eo,
983 909 1047 949 non
1077 889 1134 950 scit
1160 890 1349 972 plusquam

107 1063 109 1068 Ι
219 986 298 1046 alius
318 965 486 1062 hom031u
507 985 598 1046 Pocsi
618 987 696 1048 benc
720 988 871 1063 concedo,
886 986 975 1066 ¹quod
994 987 1052 1046 scit
1073 987 1239 1068 pulchrum
1259 987 1351 1048 Lati·
1428 1013 1429 1024 ι

67 1109 68 1116 “
160 1088 197 1121 a
218 1105 295 1146 num
315 1083 428 1145 dicere.
482 1083 545 1144 Sed
566 1083 642 1164 quid
662 1095 722 1160 est,
748 1087 784 1147 in
802 1107 885 1148 anno
905 1087 1003 1147 multa
1021 1105 1182 1166 possumus
1204 1087 1278 1148 talia
1299 1086 1349 1146 di·
1428 1085 1429 1166 ]

217 1185 320 1259 scere,
339 1181 424 1244 sed
413 1201 448 1242 ιιι
467 1181 664 1262 speculativis
682 1184 836 1261 scientiis,
877 1196 913 1246 ut
934 1195 980 1246 est
998 1185 1169 1266 Theologia
1197 1195 1226 1258 et
1244 1184 1349 1246 Medi-

142 1313 149 1342 ι
218 1283 297 1359 cina,
318 1285 417 1344 multo
437 1279 528 1354 aliter
547 1280 724 1344 faciendum
740 1294 793 1359 est,
814 1284 841 1344 si
853 1284 923 1366 quis
937 1282 1015 1345 velit
1028 1305 1078 1345 eas
1090 1283 1216 1360 discere,
1238 1303 1349 1364 quam·
1428 1347 1429 1358 χ

216 1381 265 1444 vie
284 1381 352 1464 ipse
380 1380 473 1440 etiam
501 1382 571 1442 vult
598 1399 664 1440 esse
686 1383 873 1464 Theologus.
935 1382 1015 1456 Sed,
1052 1383 1133 1448 bone
1151 1384 1346 1464 Praeceptor,
1428 1433 1429 1446 ,

217 1481 316 1562 qualis
329 1479 529 1558 Theologus?
571 1501 683 1562 nempe
704 1481 857 1564 simplex,
892 1481 966 1562 quia
986 1480 1106 1542 laborat
1124 1491 1243 1542 tantum
1263 1479 1347 1540 circs
1428 1469 1429 1544 Ῐ

215 1579 328 1655 verba,
361 1590 392 1641 et
412 1600 476 1638 non
502 1589 602 1658 gustat
630 1600 680 1640 res
702 1565 782 1661 ipsas
804 1579 984 1642 interiores:
1027 1579 1107 1640 sicut
1122 1577 1220 1658 (volo
1243 1580 1349 1639 facero

156 1661 162 1712 s
216 1680 365 1762 optimam
395 1678 682 1758 comparationem)
704 1681 732 1739 si
761 1675 872 1759 aliquis
892 1678 970 1740 velit
990 1678 1151 1738 comedere
1178 1699 1290 1739 nucem
1308 1688 1346 1738 ct
1428 1679 1429 1754 l

217 1780 377 1840 comedere
397 1765 587 1858 s'uperiorem
606 1790 743 1860 partem,
767 1789 797 1838 et
817 1779 962 1837 nucleum
981 1797 1151 1858 numquam
1167 1778 1345 1858 attingeret:
1428 1791 1429 1862 t

215 1877 261 1938 sic
281 1878 373 1939 etiam
395 1887 440 1936 est
462 1897 533 1937 cum
553 1878 632 1952 illis,
652 1876 822 1937 secundum
843 1897 949 1936 meum
978 1876 1120 1940 obtusum
1144 1876 1344 1937 intellectum.
1428 1885 1429 1960 ἶ

216 1977 279 2038 Sed
298 1978 396 2037 multo
415 1977 506 2039 aliter
524 1977 713 2058 intelligitis,
749 1996 841 2055 quam
863 1989 937 2056 ego,
975 1977 1048 2056 quia
1068 1976 1161 2037 audio
1182 1973 1345 2061 quossjum
1428 2047 1429 2056 ἶ

216 2077 310 2138 etiam
330 2076 426 2135 vultis
452 2075 591 2157 accipere
617 2084 796 2135 ornamenta
816 2075 987 2134 doctoralia
1012 2076 1047 2136 iu
1078 2061 1278 2158 Theologia,
1307 2075 1346 2135 ad
1428 2119 1429 2126 ι

139 2222 143 2228 .
216 2163 301 2255 quod
320 2164 406 2236 Deus
428 2185 459 2234 et
478 2185 581 2235 sancta
601 2173 754 2234 Genetrix
774 2175 874 2234 velint
893 2191 948 2236 vos
970 2173 1163 2257 promovere.
1216 2176 1278 2235 Sed
1299 2185 1347 2238 ta-
1428 2169 1429 2174 ¹

118 2347 121 2354 Ἰ
214 2293 289 2351 men
310 2273 370 2332 hoc
392 2272 461 2332 dico
483 2295 540 2354 pro
561 2293 632 2348 me,
652 2293 694 2333 ne
714 2271 785 2332 fiam
806 2273 928 2352 longior
948 2291 1039 2354 quam
1061 2278 1228 2357 proposui,
1261 2275 1346 2356 quod

214 2373 314 2435 velim
332 2373 403 2454 plus
423 2373 583 2453 acquirere
603 2393 673 2432 mes
683 2383 749 2433 arte
767 2373 808 2450 (si
828 2375 936 2436 saltem
952 2376 1038 2436 Deus
1060 2374 1241 2435 concederet
1254 2375 1345 2448 milri,
1428 2375 1429 2448 ᾗ

213 2482 250 2532 ut
270 2472 416 2532 haberem
437 2473 550 2534 multos
575 2471 767 2554 aegrotos)'
757 2493 792 2548 ιιι
821 2492 884 2532 una
910 2473 1096 2553 septimana,
1129 2494 1222 2555 quam
1250 2471 1348 2536 Eras·
1428 2463 1429 2536 l

215 2591 285 2632 mus
305 2571 358 2632 vel
377 2571 456 2632 alius
475 2573 599 2632 Poeta
586 2591 624 2633 ιιι
644 2591 707 2632 uno
723 2591 814 2633 anno.
853 2572 918 2647 Et
936 2572 996 2631 hoc
1015 2571 1144 2632 sufficiat
1166 2593 1225 2654 pro
1250 2595 1346 2648 nunc,
1428 2561 1429 2652 l

214 2679 247 2730 et
268 2667 402 2730 habeant
420 2670 480 2730 sibi
508 2670 587 2747 hoc,
627 2671 699 2750 quia
723 2691 780 2750 per
799 2655 936 2730 Deum
925 2689 988 2750 jam
1009 2672 1142 2731 maximo
1160 2670 1209 2732 fui
1231 2673 1346 2734 iratus:
1428 2681 1429 2710 ³

215 2767 277 2828 alia
296 2768 366 2829 vice
385 2770 457 2830 volo
480 2771 566 2832 vobis
585 2771 676 2851 plura
701 2769 825 2830 novalia
853 2768 995 2831 scribere.
1058 2772 1163 2838 Viuite
1189 2781 1219 2834 et
1243 2773 1348 2833 valete
1428 2759 1429 2766 ἵ

160 2889 165 2916 ¹
217 2885 309 2946 quam
328 2867 384 2926 diu
404 2887 486 2927 unus
505 2869 649 2929 Phoenix
667 2870 775 2930 vivere
795 2878 912 2948 potest3
935 2869 1018 2948 quod
1037 2870 1111 2930 dent
1130 2871 1217 2934 vobis
1240 2893 1347 2932 omnes

215 2965 312 3026 sancti
332 2966 410 3039 Dei,
432 2976 463 3026 et
484 2989 534 3030 me
557 2967 694 3050 diligite,
714 2968 793 3028 sicut
809 2967 910 3030 adhuc
930 2987 1052 3050 semper
1068 2970 1192 3039 fecistis
1226 2973 1346 3032 Datum
1428 2977 1429 3026 ἓ

215 3065 250 3126 iu
270 3065 484 3146 Heidelberga.
1428 3075 1429 3092 ¹

220 3229 333 3290 Gallus
355 3231 562 3291 Linitextoris
573 3272 584 3302 ,
614 3233 906 3314 Gundelfingensic,
942 3236 1055 3294 Cantor
1077 3238 1160 3296 inter
1181 3235 1273 3294 bonos
1294 3257 1345 3295 so·
1428 3289 1429 3298 ,

218 3332 298 3401 cios,
321 3330 353 3390 S
374 3331 416 3389 D
436 3333 595 3411 Magistro
619 3332 752 3393 Ortuino
776 3336 904 3410 Gratis,
941 3337 1144 3412 Praeceptorr‘
1162 3356 1218 3395 suo
1234 3337 1346 3413 pluri·

598 3466 603 3482 ›
649 3436 773 3495 variam
793 3433 913 3492 dilecto.
1048 3447 1049 3452 ’

261 3591 265 3598 ·
299 3565 483 3625 Reverendo
502 3567 639 3628 Domine
653 3569 817 3650 Magister,
837 3568 910 3649 quia
920 3567 1083 3648 scripsistis
1099 3569 1180 3630 mihi
1193 3570 1233 3630 ad
1246 3570 1347 3631 Eber-

217 3662 297 3740 burg
317 3662 407 3723 valde
426 3663 600 3727 solatiosum
620 3667 756 3741 literam,
790 3667 826 3727 in
846 3687 907 3747 qua
928 3667 1104 3727 consolastis
1119 3687 1180 3743 me,
1200 3669 1275 3750 quia
1289 3691 1346 3729 au-

218 3760 338 3821 divistis
359 3782 410 3820 me
430 3783 494 3824 esse
514 3764 690 3841 infirmum:
727 3776 892 3847 propterea
911 3765 1009 3825 habeo
1034 3765 1122 3828 vobis
1143 3778 1242 3848 grates
1262 3789 1346 3828 sem-

218 3859 380 3942 piternas,
405 3862 465 3923 Sed
493 3863 529 3923 in
543 3865 614 3926 *illa
635 3864 763 3946 epistola
784 3863 962 3946 scripsistis,
996 3865 1084 3935 vobis
1104 3867 1201 3926 fuisse
1217 3867 1345 3942 mirum,

218 3977 315 4038 quare
335 3959 463 4022 fuissem
484 3964 582 4024 factus
603 3963 759 4038 infirmus,
780 3984 851 4024 cum
872 3983 937 4024 non
955 3963 1054 4024 habeo
1074 3985 1201 4046 magnos
1214 3966 1346 4052 labores,
1428 4039 1429 4044 ἵ

218 4066 256 4117 ut
275 4057 368 4119 etiam
385 4080 444 4124 nec
462 4062 517 4120 alii
537 4061 667 4139 habent,
688 4063 742 4144 qui
764 4063 910 4124 dicuntur
930 4063 997 4124 sine
1016 4064 1132 4140 labore,
1153 4065 1187 4125 id
1209 4074 1263 4139 est,
1286 4065 1346 4124 do·
1428 4107 1429 4112 η

135 4160 149 4238 Ἰ
219 4153 377 4217 minorum
397 4161 488 4221 servi.
556 4163 623 4236 Ha,
663 4162 720 4237 lia,
754 4162 809 4223 ha!
855 4171 976 4244 oportet
994 4183 1044 4222 mc
1063 4164 1166 4225 ridere
1174 4206 1183 4238 ,
1211 4163 1263 4224 vel
1284 4164 1346 4222 sim
1428 4207 1429 4216 ι

219 4254 359 4333 spurius,
378 4260 461 4336 quod
480 4261 601 4340 quaeris
622 4283 663 4322 ex
682 4272 745 4323 tam
762 4262 897 4344 simplici
916 4275 1033 4323 mente:
1074 4282 1138 4326 non
1158 4262 1241 4324 scitis
1260 4262 1345 4342 quod
1428 4283 1429 4354 ι
