2872 4722
169 318 172 326 =
241 291 300 356 122
343 295 415 393 L
601 287 1083 396 senonense-2·

135 505 139 520 ,
239 447 341 518 debet,
363 441 482 504 etiamsi
504 451 579 502 esset
599 443 771 523 Princeps..
803 441 853 508 ‚Et
879 440 1001 519 quondo
1020 440 1182 521 Presbyter
1200 443 1337 523 reperitur

238 546 271 636 ip
292 541 396 622 aliquo
418 541 570 602 indecenti
598 561 708 621 opere,
744 548 774 598 et
795 558 858 598 nou
880 549 927 600 eet
946 540 1095 614 vestitusy
1111 541 1190 600 sicut
1209 543 1336 604 Sacerdos

238 664 302 704 esso
322 641 426 713 debet,
445 693 451 704 ,.
462 639 516 698 sed
535 635 815 720 habituseculari‚
852 646 926 696 tuuc
954 639 1053 698 Judex
1079 639 1223 698 secularis
1252 653 1337 720 potest

238 763 309 804 enm
328 740 440 800 habere
460 746 490 796 et
506 747 645 801 ‚tractare
671 756 728 815 pro
754 733 881 794 homine
909 737 1056 820 seculari,
1095 747 1125 796 et
1145 738 1259 798 efficere
1277 762 1337 800 eom

237 860 335 921 poeno
354 834 529 917 corporali,
559 855 622 894 non
647 832 833 911 obstantibus
853 833 1024 914 privilegiis
1043 833 1241 916 Clerieosum.
1289 839 1337 910 ,Sic

237 937 316 1001 dixit
336 935 390 994 ille
409 933 529 1020 Jurists.
572 933 634 992 Sed
654 954 709 994 vos
730 931 844 995 debetis
864 931 943 992 mihi
961 933 1132 1012 significare
1146 945 1273 994 mentem
1291 957 1337 996 ve-

200 1083 203 1102 .
237 1047 349 1100 strum,
370 1041 400 1112 et
421 1032 448 1090 si
468 1051 530 1090 non
547 1030 628 1089 scitis
650 1052 707 1110 por
732 1030 968 1110 vosmetipsum,
1001 1041 1074 1092 tuuc
1099 1029 1217 1090 habetis
1243 1018 1336 1092 consu-

236 1138 301 1195 lere
326 1129 451 1192 doristus
475 1141 505 1192 ot
534 1130 706 1207 Theologos
735 1129 768 1188 in
806 1130 1030 1190 Universitote
1048 1131 1240 1204 Coloniensi,
1269 1132 1336 1210 quod

238 1231 330 1292 sciam
348 1229 519 1302 ¹veritatem,
541 1230 613 1308 quio
631 1203 782 1304 Deus‘est
804 1227 933 1300 veritas,
958 1239 988 1288 et
1011 1229 1066 1307 qui
1086 1237 1168 1288 amat
1184 1230 1335 1302 veritatem,

237 1340 318 1390 amat
337 1329 430 1386 etiam
450 1327 561 1406 Deum.
603 1326 888 1388 Similiter.dehetis
908 1327 1066 1392 notificare
1087 1327 1182 1401 mihi,
1203 1329 1335 1406 quomodo
1391 1383 1392 1386 ,

235 1427 374 1510 procedit
395 1425 548 1484 in'vestru
568 1425 623 1484 lite
645 1435 754 1494 contro
772 1424 938 1484 Doctorem
959 1425 1125 1485 Reuchlin.
1165 1429 1229 1506 Ego
1250 1427 1335 1498 audio,

236 1527 318 1607 quod
332 1527 397 1604 ipse
419 1532 463 1582 est
483 1524 704 1604 depauperatus
726 1531 854 1602 propter
873 1543 995 1604 magnas
1017 1545 1181 1604 expensas,
1215 1535 1244 1584 et
1261 1525 1335 1586 valde

235 1627 347 1697 laetor,
367 1623 460 1704 „quia
488 1641 595 1702 spero,
635 1621 716 1700 quod
743 1620 895 1703 Theologi
922 1633 1013 1682 eruut
1047 1622 1197 1695 victores,
1239 1635 1275 1708 et¹
1292 1643 1335 1685 vos

153 1727 157 1736 '
237 1725 336 1785 otium.
377 1721 485 1782 Volete
506 1719 683 1806 innomine
705 1719 841 1779 Domini.
890 1722 1005 1783 Datum
1024 1721 1273 1780 Francofordiue.

297 1889 426 1950 loannes
453 1883 623 1981 Stobleeius
643 1883 913 1963 Miltenbergensio
942 1886 974 1948 S.
1010 1886 1053 1945 D.
1080 1887 1129 1948 M.
1159 1885 1286 1946 Ortuiuo

735 1985 854 2044 Gratia.
1159 2007 1161 2010 ·

317 2121 403 2181 Sicut
429 2140 549 2199 semper
577 2118 734 2198 cupivistis
758 2141 776 2178 a
797 2141 845 2180 me
871 2119 985 2182 habere
1012 2119 1180 2196 novitates,
1214 2119 1273 2199 jem
1300 2126 1336 2177 est

160 2203 164 2212 ¹
235 2232 371 2300 tempus,
409 2219 490 2298 quod
510 2219 605 2294 dobeo
626 2230 656 2276 et
674 2239 797 2298 possum
818 2221 905 2280 vobis
920 2239 1008 2280 nove
1025 2220 1173 2292 scribere,
1213 2217 1335 2302 quamvis

234 2322 343 2392 doleo,
365 2319 437 2398 quia
457 2338 521 2384 non
541 2328 612 2390 sunt
633 2318 720 2377 bona.
762 2318 890 2393 Sciatis,
918 2319 1000 2398 quod
1020 2321 1143 2394 Fratres
1173 2319 1211 2376 de
1232 2317 1336 2376 Ordine

162 2482 164 2492 ,
233 2419 483 2480 Praedicatorum
503 2395 676 2476 habueruut
695 2415 747 2474 hic
768 2416 986 2498 indulgentius,
1023 2438 1096 2497 quos
1109 2417 1337 2500 impetraverunt

233 2520 268 2578 iu
289 2517 384 2578 Curia
402 2518 542 2576 Romana
562 2515 679 2594 mugnis
702 2515 859 2596 expensis,
881 2527 924 2576 ,οἱ
940 2515 1141 2594 eollegeruut
1168 2517 1255 2578 etiam
1277 2513 1337 2586 satis

163 2669 165 2677 .
233 2637 373 2694 magnam
393 2614 584 2694 pecuniam.t
604 2616 693 2672 Tunc
716 2614 754 2673 de
773 2624 863 2674 nocte
880 2615 968 2676 venit
986 2616 1108 2694 quidum
1123 2617 1178 2675 fur
1193 2615 1228 2672 in
1242 2612 1358 2688 diocle*

233 2717 324 2788 sium,
346 2712 512 2790 eteccepit
530 2712 600 2790 plus
620 2732 711 2789 quum
740 2721 891 2796 trecentos
917 2713 1049 2774 florenos
1056 2723 1068 2787 ‚'
1097 2723 1126 2772 et
1156 2711 1275 2772 furatus
1290 2717 1338 2786 ¹ost

194 2799 196 2803 ,
234 2834 301 2887 eos,
323 2822 353 2871 et
373 2811 424 2869 isti
445 2809 681 2884 fratresmelosi,
710 2795 1072 2886 ot'inzfideiChristiane
1090 2812 1178 2871 vuldo
1200 2811 1275 2869 hene
1296 2807 1337 2865 af-

233 2909 410 2980 fectionati,
431 2907 530 2966 tristes
548 2906 689 2981 fuerunt,
711 2918 992 2988 etconqueruu'tur
1011 2911 1049 2970 de
1068 2910 1124 2968 illo
1142 2910 1221 2968 fu're.
1284 2904 1337 2964 Sed

233 3011 314 3067 cives
335 3007 483 3066 miserunt
506 3003 654 3082 undique,
690 3015 720 3082 et
740 3027 803 3066 non
830 3019 957 3086 possunt
986 3010 1123 3088 reperire
1143 3027 1231 3081 eum,
1271 3005 1335 3084 quis

232 3100 369 3184 aufugit,
408 3112 437 3162 et
454 3102 554 3172 ¹hebet
580 3122 683 3162 secum
708 3106 879 3184 pecuniam.
941 3107 979 3166 Et
1007 3119 1052 3166 est
1074 3127 1182 3186 magna
1200 3103 1335 3183 nequitis,

143 3205 146 3212 '
183 3242 190 3254 ι
219 3203 315 3283 ,quod
336 3203 397 3262 hoe
416 3201 506 3271 debet
523 3201 591 3262 fieri
618 3202 652 3262 iu
673 3203 869 3282 indulgentiis
888 3205 1068 3285 Pepalibue,
1106 3215 1136 3264 et
1156 3206 1191 3266 in
1210 3205 1276 3263 loco
1294 3222 1334 3260 sa-

232 3322 301 3380 cro;
323 3302 387 3380 ipse
408 3309 452 3360 est
474 3301 769 3376 excommunicatus,
790 3304 830 3363 sit
848 3304 968 3364 ubisit.
1009 3303 1179 3376 Homines,
1201 3305 1334 3384 quisunt

231 3400 380 3473 absoluti,
417 3408 449 3456 et
467 3399 618 3463 dederunt
636 3402 797 3482 pecuniam
817 3423 902 3487 suum
930 3403 1079 3478 odillom
1108 3403 1229 3478 cistam,
1261 3416 1334 3458 nuno

231 3497 456 3583 potentiquod
476 3518 542 3586 non
561 3510 632 3559 sunt
652 3501 795 3588 absoluti3
813 3503 866 3564 sed
886 3501 967 3566 nihil
986 3513 1042 3563 est:
1062 3503 1121 3583 ipsi
1140 3511 1211 3564 sunt
1230 3501 1271 3558 ito
1287 3499 1333 3557 be-
1385 3515 1393 3524 ·

231 3619 271 3658 ne
293 3595 441 3670 absoluti,
470 3605 506 3656 ut
524 3597 550 3656 si
568 3585 922 3676 fratresProedieetores
951 3585 1100 3663 heberent
1123 3602 1223 3662 adhuc
1248 3616 1333 3680 pecu-

230 3697 314 3756 niam
334 3715 428 3754 snam.
446 3721 450 3728 ’
469 3695 570 3755 Etiam
590 3697 704 3772 sciatis,
734 3700 816 3778 qnod
834 3699 907 3773 ¹is,ti,·
923 3701 987 3780 -qui
1005 3711 1077 3762 sunt
1096 3723 1136 3762 ex
1156 3681 1241 3782 parte
1253 3701 1348 3758 Dec-2

230 3793 307 3855 toris
327 3793 500 3867 Reuchliu,
527 3795 644 3864 vadunt
664 3795 730 3882 hic3
757 3808 787 3858 et
805 3798 926 3862 ,faciunt
944 3802 1229 3876 multostrumores,
1267 3793 1332 3874 'quia

230 3893 347 3960 dicunt,
369 3893 451 3970 quod
470 3893 591 3955 Fratres
601 3895 826 3956 Praedicatores
844 3901 1194 3980 proptereaimpetraut
1212 3897 1277 3956 illas
1288 3893 1332 3950 in·-

230 3991 399 4070 dulgenties
420 3989 455 4049 in
471 3991 567 4052 Curia
581 3995 729 4070 Romana,
749 3996 918 4074 quodcum
938 3999 992 4060 illa
1011 3999 1143 4080 pecunia
1162 3997 1268 4058 volunt
1284 4009 1332 4050 ve·

230 4109 306 4150 xare
326 4090 427 4168 ipsum
447 4091 630 4167 Ductorem,
671 4105 702 4156 et
726 4095 874 4156 tribulare
903 4116 974 4166 eum
1002 4098 1035 4156 in
1055 4117 1145 4158 causa
1163 4093 1242 4154 fidei.
1297 4088 1332 4148 Εῐ

230 4189 312 4278 quod
331 4186 470 4248 homines
491 4211 553 4250 non
573 4193 684 4254 dehent
703 4193 746 4255 eis
767 4193 839 4255 dere
857 4194 972 4274 aliquid
979 4240 988 4271 ‚
1009 4197 1042 4256 in
1063 4213 1243 4278 quocunque
1261 4195 1331 4249 stato

896 4349 911 4380 u
