2872 4722
394 351 423 411 o
444 349 513 411 us
535 349 672 412 cus.
711 317 879 413 v31ao
901 349 939 412 n.
1004 355 1008 360 ¹
1163 347 1228 412 115

98 511 265 594 phemant,
301 515 332 568 et
359 506 458 568 faciut
481 505 579 568 multa
597 504 747 584 scandala.
807 503 896 569 sieut
914 523 1015 586 nuper
1035 524 1116 568 uuus
1139 504 1228 580 dixit,

100 609 182 690 quod
200 627 269 668 non
296 605 412 681 credit,
445 605 528 686 quod
559 605 665 667 tunica
693 602 824 666 Domini
848 598 996 666 Treveris
1021 612 1099 664 esset
1125 604 1230 664 tunica

100 707 251 781 Domini,
284 705 340 766 sed
359 725 423 766 una
442 704 568 784 antiqua
586 715 617 767 et
635 704 810 786 periculosa
835 702 944 766 vestis:
979 712 1011 764 et
1038 722 1103 763 non
1132 703 1230 764 credit

101 801 210 881 ctiam,
244 803 337 886 qund·
360 803 454 865 minis
476 803 582 864 beatae
599 802 740 884 Virginis
761 811 807 863 est
826 801 927 862 adhuc
946 801 981 863 in
1001 800 1127 863 mundo.
1189 802 1231 864 Et

100 927 181 966 unus
203 905 287 966 alter
307 902 403 977 dixit,
424 903 508 982 quod
527 901 678 984 possibile.
695 910 755 976 est,
776 900 859 980 quod
879 912 940 962 tres
960 892 1060 982 Reges
1079 901 1115 960 iu
1135 899 1230 962 Colo-

100 1003 154 1064 nia
175 1012 250 1063 sunt
267 1013 330 1062 tres
350 1001 458 1062 rustici
480 1021 520 1061 ex
541 1000 753 1081 Westphelia:
775 1008 806 1060 et
824 998 908 1079 quod
925 997 1044 1080 gladius
1064 1009 1095 1060 et
1114 998 1231 1079 clipeus

101 1105 132 1162 S.
154 1101 322 1162 Michaelis
346 1120 410 1159 non
438 1109 510 1160 sunt
535 1099 574 1159 ad
602 1109 740 1160 sanctum
761 1096 956 1158 Michaelem.
1015 1085 1116 1159 Etiam
1136 1096 1229 1157 dixit:

99 1199 186 1282 qnod
219 1199 315 1261 vellet
336 1198 477 1261 merdere
505 1217 598 1279 snper
632 1197 838 1278 indulgentias
865 1197 1008 1258 Fratrum
1036 1193 1231 1257 Praedicato-

98 1318 189 1372 rum,
225 1295 300 1378 qnia
321 1289 381 1377 ipsi
403 1306 508 1384 essent]
521 1295 649 1357 bufones
656 1339 665 1371 ,
709 1305 739 1356 et
759 1291 936 1382 deciperent
956 1294 1103 1358 mulieres
1125 1307 1155 1354 et
1175 1316 1232 1356 ru-

97 1397 201 1456 sticos.
266 1398 357 1457 Tunc
378 1415 432 1476 ego
455 1393 538 1456 dixi:
580 1395 631 1456 Ad
648 1395 772 1476 ignem,
795 1394 834 1455 ad
855 1394 959 1476 ignem
980 1414 1052 1455 cum
1073 1393 1132 1454 isto
1153 1393 1232 1456 hae-

97 1493 225 1571 reiic03
246 1501 278 1553 et
296 1493 362 1574 ipse
384 1492 491 1553 derisit
510 1513 570 1556 me.
627 1492 693 1574 Ego
714 1513 788 1556 vero
811 1492 894 1552 dixi:
934 1493 986 1554 Tu
1006 1492 1155 1563 Ribalde,
1184 1503 1234 1556 ‘tn

99 1590 233 1654 deberes
255 1591 330 1651 talia
348 1592 468 1667 dicere,
495 1593 577 1673 quod
597 1593 644 1654 M.
655 1602 758 1654 noster
778 1593 959 1674 Hogstrctus
979 1591 1013 1652 in
1034 1584 1164 1654 Colonia
1175 1613 1232 1656 an-

98 1691 206 1765 diret,
245 1690 301 1770 qui
329 1700 373 1751 est
399 1690 564 1771 inquisitor
589 1690 762 1752 haereticae
778 1690 955 1771 ,pravitatis
1016 1691 1107 1753 Tunc
1137 1692 1231 1754 dixit:

99 1791 291 1869 Hogsmatus
311 1798 351 1850 est
370 1809 431 1850 una
454 1788 635 1851 execrabilis
657 1801 687 1848 et
708 1790 869 1850 maledicta
889 1788 997 1865 bestia,
1017 1800 1049 1852 et
1070 1790 1232 1851 maledixit

102 1888 173 1962 ci,¹
194 1897 227 1947 et
254 1886 343 1947 dixit:
376 1888 508 1949 loannes
527 1888 682 1949 Reuchlin
705 1898 750 1949 est
776 1889 892 1970 probus
916 1889 986 1959 vir,
1021 1899 1052 1951 et
1080 1889 1233 1971 Theologi

100 1994 181 2046 sunt
201 1984 342 2061 Diaboli,
386 1996 418 2047 et
437 1985 550 2066 injuste
576 1987 825 2067 judicaverunt,
849 1985 971 2068 quando
1002 1989 1234 2050 combusserunt
1288 1973 1294 1985 ⁸

99 2103 195 2144 suum
215 2083 352 2158 librum,
372 2085 431 2164 qui
450 2095 579 2147 vocatur
598 2087 765 2166 Speculum
786 2087 918 2147 oculare.
980 2090 1071 2149 Tunc
1097 2110 1152 2168 ego
1180 2111 1232 2149 re·

100 2181 232 2263 spondi:
267 2182 343 2242 Noli
366 2183 467 2244 dicere
489 2183 565 2258 hoc,
591 2187 666 2264 quia
685 2185 833 2265 scriptum
854 2185 985 2246 habettn
1006 2185 1040 2246 in
1060 2187 1233 2248 Ecclesiast.

102 2301 168 2361 cap.
185 2283 213 2340 8.
236 2282 330 2358 „Non
349 2281 466 2360 judices
488 2293 593 2344 contra
613 2283 763 2362 judicem,
785 2282 871 2364 qnia,
894 2284 1062 2344 secundum
1082 2286 1164 2362 quod
1180 2285 1231 2364 ju-

100 2391 186 2441 stum
202 2391 267 2448 est,
295 2380 442 2460 judicat.“
482 2384 534 2443 Tu
554 2381 673 2454 vides„
689 2384 771 2462 quod
792 2378 1232 2457 Universitas'Parrhisiensis,
1279 2393 1304 2410 “’

98 2479 159 2540 ubi
181 2488 259 2538 sunt
279 2478 427 2559 Theologi
448 2479 683 2562 profundissimi
704 2491 735 2541 et
755 2482 865 2554 aelosi,
895 2491 926 2542 et
947 2480 1002 2561 qui
1022 2501 1087 2542 non
1106 2491 1234 2561 possunt

98 2597 236 2651 errare,
274 2576 362 2637 etiem
380 2579 595 2659 judicaverunt
614 2580 671 2653 ita,
698 2581 777 2640 sicut
798 2579 1011 2640 Colonienses:
1043 2599 1139 2659 quare
1160 2599 1232 2660 ergo

97 2678 243 2738 vis‘esse
265 2689 368 2737 contra
394 2688 489 2737 totam
510 2678 702 2738 Ecclesiam?
743 2681 833 2739 Tunc
854 2679 920 2759 ipse
941 2679 1037 2752 dixit,
1059 2678 1140 2759 quod
1157 2679 1234 2741 Par·
1264 2733 1271 2740 .

100 2776 275 2844 rhisienses
297 2789 394 2839 essent
414 2777 598 2857 iniquissimi
619 2776 751 2854 judices,
782 2787 813 2838 et
833 2777 916 2858 quod
934 2789 1117 2858 acceperunt
1137 2798 1235 2858 pecuu

101 2875 192 2934 niam
214 2894 233 2933 a
255 2875 402 2935 fratribus
422 2874 461 2934 de
482 2875 601 2937 Ordine
622 2876 1013 2957 Praedicatorun1,¹quam
1033 2881 1169 2957 portavit
1180 2877 1232 2956 ip·
1305 2955 1315 2962 .

101 2974 147 3034 sis
169 2971 228 3052 (ut
247 2959 307 3034 ille¹
322 2994 455 3054 nequam
477 2974 639 3052 mentitur)
659 2976 779 3036 zelosus
801 2975 866 3050 vir,
888 2987 919 3034 et
938 2975 1113 3058 Theologns
1133 2976 1233 3049 scien-

102 3071 295 3132 tificissimns
323 3074 364 3132 D.
389 3071 600 3132 Theudoricus
630 3073 667 3132 de
697 3073 821 3149 Gauda,
863 3075 995 3153 Legatus
1017 3074 1233 3135 Universitatis

103 3173 319 3250 Coloniensis3
354 3180 384 3230 et
409 3167 510 3231 adhuc
537 3171 632 3246 dixit,
663 3172 745 3252 quod
767 3173 824 3232 ista
853 3190 917 3232 non
940 3182 984 3232 est
1005 3174 1140 3232 Ecclesia
1161 3173 1259 3246 Dei,-

104 3271 161 3331 sed
174 3282 221 3330 est
231 3269 303 3344 illa,
324 3270 363 3329 de
382 3289 441 3349 qua
455 3269 529 3329 dicit
544 3271 654 3348 Psalm.
674 3270 794 3344 „Odivi
804 3272 973 3332 Ecclesiam
988 3271 1232 3354 malignantium,

107 3378 139 3430 et
162 3390 236 3429 cum
262 3368 367 3449 impiis
391 3388 454 3428 non
474 3369 614 3437 sedebof‘
661 3372 702 3430 Et
721 3371 858 3450 culpavit
875 3369 1036 3450 Magistros
1059 3379 1179 3428 nostros
1198 3370 1248 3427 in·

104 3467 267 3550 Parrhisia
290 3467 487 3526 irr‘omnibns
505 3469 621 3528 actibus
647 3469 726 3543 suis,
761 3481 800 3527 et‘
816 3467 913 3541 dixit,
940 3467 1022 3546 quod
1043 3467 1233 3527 Universitas

105 3563 329 3624 Parrhisiensis
350 3575 427 3626 esset
447 3575 545 3626 mater
566 3567 666 3626 omnis
684 3566 847 3638 stultitiae,
871 3585 949 3644 qttae
971 3563 1097 3626 haberet
1112 3566 1157 3625 ibi
1169 3567 1233 3626 ori-

107 3665 212 3742 ginem
222 3705 233 3737 ,
253 3674 285 3721 et
307 3665 437 3726 venisset
457 3664 492 3724 in
514 3665 687 3726 Almaniam
709 3677 740 3724 et
759 3664 879 3724 Italiam
900 3676 931 3724 et
952 3664 1035 3745 quod
1054 3664 1109 3747 ilb
1129 3664 1234 3726 schola

107 3761 289 3824 seminasset
317 3763 454 3843 nudique
474 3764 721 3843 superstitionem
740 3774 771 3823 et
793 3763 974 3836 vanitatem3
1003 3775 1034 3822 et
1055 3763 1234 3842 frequenter

109 3883 233 3936 omnes,
256 3860 311 3940 qui
332 3861 453 3920 student
474 3861 506 3920 in
530 3862 702 3935 Parrhisia,
729 3862 844 3922 habent
863 3862 944 3920 mala
962 3861 1061 3942 capita
1073 3878 1089 3936 ‚¹
1113 3874 1144 3922 et
1162 3871 1234 3922 sunt

108 3962 196 4039 quasi
224 3959 312 4020 fatui.
370 3960 412 4019 Et
438 3959 537 4029 dixit,
571 3961 655 4040 quod
684 3961 833 4021 Thalmut
859 3979 924 4020 non
953 3971 998 4021 est
1032 3962 1070 4021 ab
1098 3960 1235 4023 Ecclesia

110 4059 280 4120 damnmua
320 4059 411 4118 Tunc
430 4059 509 4118 sedit
529 4059 575 4119 ibi
594 4061 741 4140 Magister
761 4067 864 4118 noster
883 4059 993 4119 Petrus
1012 4061 1136 4139 Meyer,
1162 4061 1235 4118 I'le-

108 4157 206 4218 bauus
226 4158 262 4217 iu
282 4153 523 4232 Francoiordia,
545 4167 577 4218 et
597 4158 694 4218 dixit:
722 4157 771 4218 Ibi
792 4175 847 4237 ego
869 4157 942 4218 volo
962 4159 1131 4234 ostendere,
1153 4158 1234 4238 quod

109 4256 167 4318 iste
186 4255 289 4318 socius
308 4275 373 4316 nou
394 4265 439 4318 cst
459 4257 558 4318 bonus
580 4257 789 4332 Christianus,
819 4265 849 4318 et
869 4275 934 4318 non
953 4258 1046 4318 sentit
1063 4268 1146 4324 recte
1165 4277 1235 4316 cum

993 4353 1041 4418 gs
