2872 4722
88 286 91 295 ’
206 331 265 403 128
561 329 995 396 samsonis.
1115 327 1117 342 ·

203 487 333 550 habehat
348 485 596 549 nnam'tuhalem
617 503 723 546 vocem
732 525 741 559 ,
766 494 804 546 ot
821 493 952 554 testatur
969 482 1087 558 David:
1104 481 1186 544 ‚iste
1204 501 1324 564 pauper
1425 550 1426 572 χ

203 585 356 648 clamavit.
396 586 465 666 Ipsa
481 587 568 646 beata
587 585 685 665 -Virgo
703 602 767 644 non
791 585 951 660 clamavit,
987 583 1040 643 sed
1056 585 1164 668 ‘Deum
1186 581 1324 643 laudavit
1425 573 1426 640 i

204 687 239 748 in
261 685 360 746 corde*
372 706 445 757 suo,
467 683 540 763 quia
559 682 648 743 novit
667 683 754 756 bene,
775 684 859 763 qood
878 684 934 744 ista
956 682 1059 742 omnia
1079 681 1227 742 deberent
1243 679 1323 754 fieri,
1426 728 1427 754 ¹

203 785 284 848 sieut
302 783 332 844 ei
352 781 507 863 praedixit
526 781 670 862 Angelus.
709 780 750 841 lit
770 781 892 861 qnando
912 782 1052 862 Apostoli
1071 781 1115 842 ita
1135 781 1325 840 unanimiter
1367 851 1372 856 ¹

204 905 275 946 cum
307 881 486 966 jubilatione
516 889 547 941 et
573 879 738 940 devotione
758 879 984 956 clamaverunt,
1011 880 1099 944 venit
1119 881 1326 958 unusdnge-
1427 933 1428 942 ,

204 979 435 1054 leodecario,
476 988 506 1040 et
527 978 609 1040 dixit
627 977 688 1038 eis:
738 977 810 1040 Viri
830 979 978 1073 Galilaei,
1017 978 1094 1059 quid
1113 979 1165 1040 hic
1187 979 1271 1040 statis
1285 985 1326 1037 ,et

205 1079 358 1166 clamatis,
380 1091 411 1139 ct
427 1076 560 1158 aspicitis
580 1077 615 1137 in
637 1077 779 1138 coelum?
819 1078 881 1138 Hic
901 1081 1001 1152 iesus,
1023 1077 1076 1156 qui
1096 1086 1268 1158 assumptos
1280 1085 1325 1134 est

204 1181 239 1242 in
259 1179 397 1244 coelum,
435 1176 480 1234 sic
498 1175 617 1248 veniet,
644 1175 906 1254 'quemadmodum
927 1176 1045 1238 vidistis
1066 1195 1145 1237 eum.
1205 1176 1246 1236 Et
1266 1173 1326 1233 hcc

205 1279 403 1348 factumest,
439 1286 474 1333 ut
493 1273 678 1353 impleretur
694 1263 869 1355 Scriptura,
890 1273 983 1355 ¹quse
1010 1275 1101 1335 dicit:
1142 1275 1325 1349 „clamave-
1429 1265 1430 1316 3

205 1384 280 1436 runt
299 1374 387 1453 justi,
408 1381 439 1431 et
458 1372 611 1432 Dominus
631 1371 789 1433 exaudivit
808 1376 890 1432 eos.“
931 1373 1072 1434 Secunda
1092 1371 1247 1433 conclusio
1268 1387 1325 1431 ex-

206 1474 270 1536 titit
291 1467 509 1552 magistralicr,
549 1479 580 1530 et
600 1470 668 1530 talis
688 1471 723 1532 in
742 1469 797 1532 sua
815 1473 932 1533 forma:
979 1474 1085 1531 Filias
1108 1469 1242 1529 leoninis
1267 1489 1324 1531 νο-

208 1573 271 1631 luit
294 1569 404 1630 habere
423 1589 513 1628 snam
536 1571 734 1646 passionem,
771 1573 984 1649 sepulturam,
1017 1567 1325 1630 resurrectionem-in
1430 1561 1431 1590 ³

206 1669 417 1741 Hierusalem,
445 1683 532 1748 ¹quse
558 1681 603 1726 est
627 1667 661 1729 in
680 1677 786 1730 centro
806 1679 923 1736 terrae.
957 1669 1040 1748 qaod
1060 1689 1167 1742 omnes
1185 1667 1326 1748 regiones

167 1846 173 1865 l
205 1769 318 1830 seirent
338 1765 376 1824 de
397 1764 461 1844 ejus
481 1767 723 1840 resurrectione,
759 1778 789 1829 et
809 1769 893 1848 quod
913 1768 1018 1828 nullus
1034 1767 1156 1850 gentilia
1173 1774 1277 1847 posset
1291 1777 1326 1836 st
1431 1776 1432 1790 ¹

207 1881 353 1928 excusare
372 1861 443 1923 cum
462 1884 518 1924 sua
537 1863 673 1939 haeresi,
696 1878 726 1926 et
744 1865 865 1928 diceres
885 1884 941 1947 ego
958 1867 1092 1940 nescivi,
1113 1864 1197 1945 quod
1214 1863 1328 1924 Domi*

206 1983 265 2027 nus
291 1961 496 2050 resumenda
522 1964 660 2024 mortuis.
700 1965 857 2042 Quoniam
878 1963 968 2047 ergo,
993 1966 1078 2047 quod
1099 1976 1143 2026 est
1160 1963 1196 2024 in
1213 1961 1326 2039 media,

207 2073 313 2122 omnes
332 2060 440 2122 videro
458 2073 601 2142 possunt,
622 2064 676 2142 qui
695 2074 767 2124 sunt
786 2064 869 2124 circa
886 2063 1039 2138 medium,
1066 2072 1098 2124 et
1116 2060 1200 2143 quod
1221 2059 1328 2123 nullm

206 2159 385 2221 incredulus
399 2158 534 2246 haberet¹
545 2180 643 2222 unum
661 2183 793 2242 parvum
813 2163 971 2244 refugium
989 2160 1202 2234 excusationis,
1223 2159 1257 2220 in
1270 2159 1327 2220 illo

205 2260 295 2332 loco,
314 2258 369 2318 ubi
389 2255 542 2342 Dpnilnus
562 2262 707 2335 ascendit,
728 2261 828 2323 estin
848 2271 970 2335 centro,
991 2269 1022 2320 et
1041 2263 1075 2321 in
1095 2259 1197 2332 medio
1216 2267 1327 2332 terrae,

206 2378 242 2418 ec
261 2356 306 2418 ihi
328 2356 442 2438 pendet
461 2378 525 2420 une
552 2379 719 2440 campana,
755 2381 847 2441 quam
875 2361 975 2422 omnis
1004 2361 1138 2421 mundus
1162 2356 1266 2431 audit,
1297 2365 1330 2418 et

205 2454 329 2537 quando
349 2455 420 2536 ipse.
434 2456 549 2536 pulsat,
570 2471 645 2519 tunc
665 2459 716 2520 dst
736 2460 918 2522 horribilem
935 2481 1043 2520 sonum
1067 2459 1105 2519 de
1125 2467 1265 2519 extremo
1277 2454 1329 2535 ju-

206 2555 288 2616 dicio
318 2566 349 2614 et
367 2553 415 2614 ‘de
439 2556 615 2618 mceosione
634 2560 772 2620 Domini.
811 2560 853 2620 Et
873 2561 996 2640 quando
1016 2559 1126 2645 polest,
1145 2556 1237 2617 etiam
1259 2573 1330 2615 sun.

206 2654 240 2715 di
260 2652 400 2723 audiunt.
460 2649 664 2750 Deducitque
684 2659 782 2718 multa
802 2659 965 2728 corollaria
983 2679 1023 2720 ex
1046 2658 1101 2718 illa
1121 2654 1330 2741 conclusione,

130 2781 131 2790 ¹
206 2771 299 2835 qaam
323 2750 431 2812 didicit
459 2753 495 2814 in
521 2754 686 2816 Parrhisia.
747 2757 809 2817 Sed
836 2757 958 2838 quando
986 2757 1113 2816 comsit
1138 2749 1329 2836 praedicere,

147 2877 172 2884 ··
206 2861 280 2912 tnnc
301 2850 425 2930 quidam
447 2851 594 2932 Magister
621 2853 659 2912 de
679 2854 854 2934 Erphordia
879 2855 981 2938 voluit
1001 2875 1072 2916 eum
1091 2851 1329 2934 reprehendere,

207 2947 261 3009 sed
280 2948 363 3008 stetit
385 2968 455 3008 cum
478 2949 669 3022 confusione.
722 2955 787 3014 Vos
807 2955 924 3016 debetis
944 2953 1023 3014 mihi
1044 2951 1203 3014 ostendere
1221 2951 1329 3014 libros

207 3046 263 3107 uhi
281 3047 338 3106 ista
359 3047 488 3126 materis
505 3049 652 3126 habetur,
686 3061 716 3112 et
734 3054 806 3113 volo
831 3071 942 3113 emam.
1001 3053 1118 3114 Datum
1140 3040 1181 3112 ex
1199 3049 1328 3125 Bssilea,

208 3145 291 3226 apud
309 3147 437 3210 Beatum
456 3146 661 3226 Rhenanam,
679 3150 734 3232 qui
755 3161 800 3212 est
816 3161 918 3214 vester
936 3150 1061 3212 amicus.

208 3309 423 3368 Bartholomeo
444 3311 565 3390 conto,
584 3313 797 3375 Baccalaareo
820 3314 1001 3394 Theologiae
1022 3314 1175 3393 formato,
1199 3311 1329 3372 Ordinis

210 3407 462 3490 Carmelitarnns,
503 3413 720 3473 Vuillihrodus
745 3415 872 3486 Niceti,
908 3413 1037 3472 Ordinis
1058 3412 1329 3473 Wilhelniitarmn

250 3505 364 3566 Cursor
375 3509 411 3565 in
425 3508 606 3590 Theologia,
626 3515 798 3572 autoritate
810 3511 1058 3572 reverendissimi
1074 3511 1235 3572 Generalis
1252 3512 1288 3570 in

453 3607 588 3679 Ordine,
607 3633 670 3670 sese
687 3610 875 3672 ccrnnsendat
889 3633 960 3672 cum
979 3612 1089 3671 salute.
1184 3685 1187 3688 Ι

294 3739 380 3815 Quot
399 3737 434 3800 in
454 3743 534 3804 mari
551 3756 624 3806 sunt
642 3742 762 3826 guttis,
785 3756 815 3807 et
836 3755 912 3826 quot
930 3746 966 3809 in
985 3745 1115 3808 Colonia
1133 3752 1255 3805 sanctae
1270 3744 1331 3802 Be-

210 3845 329 3915 guttae,
372 3840 455 3917 quod
473 3841 554 3923 pilos
575 3843 690 3906 hubent
710 3865 866 3906 asinorum
887 3837 989 3919 cutes,
1031 3855 1078 3905 tot
1098 3854 1130 3908 ct
1148 3844 1258 3924 plures
1272 3840 1332 3901 tihi

210 3931 300 3994 mitto
318 3937 440 3997 salutes.
494 3943 688 4005 Venerabilis
708 3945 843 4005 Domine
864 3943 1030 4006 carmelita
1048 3943 1160 4022 Colpe,
1182 3961 1237 4020 ego
1257 3940 1332 4013 scio,-

211 4033 294 4113 quod
313 4033 384 4094 estis
409 4036 448 4096 de
466 4040 584 4120 optimo
605 4042 730 4118 ordine,
766 4054 796 4105 et
814 4044 932 4104 hahetis
953 4043 1064 4102 stultas
1083 4040 1290 4118 indulgentias
1313 4059 1334 4098 ι

212 4132 292 4192 3⁶⁶⁰
301 4130 501 4213 AP⁰⁸l⁰ll⁰²2
523 4149 554 4200 et
566 4144 652 4221 qnod
668 4144 773 4205 nullos
792 4143 869 4203 ordo
887 4152 990 4202 vestro
1003 4142 1111 4203 ordine
1124 4150 1224 4222 potest
1237 4157 1334 4218 prae-

149 4302 162 4322 ,
211 4230 331 4312 vileits
370 4234 443 4310 quie
474 4240 600 4316 potestis
630 4243 732 4303 varios
764 4263 849 4304 casus
879 4242 1037 4305 absolvere
1063 4241 1098 4301 in
1126 4237 1333 4310 confessione,
