2872 4722
217 293 278 361 132
579 235 981 356 erisrousn
1050 239 1053 247 ⁵

217 451 274 513 ills·
293 462 377 523 ute,
398 465 428 511 et
447 449 518 512 estis
536 447 635 510 multo
654 447 767 510 melior
780 449 892 523 Poeta„
906 465 999 530 quam
1012 446 1173 510 .Buschins
1191 453 1244 512 vel
1265 449 1345 510 Cae»

217 551 334 626 surim,
355 558 385 610 et
402 548 598 614 scitissetiam
615 547 753 612 Plinium
775 549 896 628 legere,
931 561 961 610 et
984 549 1221 610 Grammaticam
1245 550 1346 610 Gree-

218 671 294 712 cam.
356 648 406 709 Ex
433 649 488 709 illa
514 646 700 708 confidentis
728 647 801 708 volo
829 649 1022 710 reverentiae
1047 657 1168 709 restrae
1194 650 1344 729 quaedam

217 751 413 814 manifestare
433 748 489 806 sub
510 736 571 806 lide
591 745 802 807 confessionis.
865 746 1061 807 Venerabilis
1086 747 1222 807 Domine
1242 749 1346 829 Magi-

217 861 291 913 ster:
334 867 389 930 ego
405 866 475 905 amo
496 845 549 906 hie
570 867 663 907 unam
683 845 853 926 virginem,
874 829 970 906 filiam
992 847 1232 926 campanatoris,
1253 849 1344 909 Mar-
1432 839 1433 908 ἶ

140 1019 144 1032 ⁸
215 959 348 1033 geretsm
367 961 437 1007 'cum
459 945 601 1021 nomine,
616 955 696 1026 quae
709 946 789 1004 sedit
807 965 910 1025 nuper
927 944 962 1005 in
984 945 1082 1007 latere
1101 957 1219 1021 vestro,
1252 941 1344 1008 uide-

214 1051 288 1112 licet
315 1047 438 1129 quando
464 1045 614 1125 plebanus
643 1053 747 1104 noster
774 1043 1015 1106 dominationem
1044 1037 1177 1106 vestram
1197 1044 1343 1107 invitavit

213 1151 252 1211 sd
274 1147 522 1209 convivalitatem
534 1188 543 1220 ‚
566 1154 596 1204 et
613 1143 755 1204 tractavit
779 1165 833 1206 vos
852 1145 1117 1219 reverentialiter,
1147 1145 1269 1224 quando
1292 1144 1342 1204 bi·

211 1249 335 1321 bimus,
356 1255 388 1306 et
409 1244 527 1305 fuimus
548 1245 646 1318 laetae
668 1240 797 1317 mentis,
832 1244 955 1323 qnando
974 1245 1029 1304 ille
1052 1245 1143 1305 etiam
1164 1243 1343 1326 propinavit
1431 1237 1434 1286 l

212 1345 301 1412 vobis
321 1347 417 1407 bunos
438 1343 573 1404 haustus.
613 1340 678 1424 Ego
699 1351 768 1401 amo
791 1342 858 1402 eain
878 1343 914 1403 in
934 1353 1019 1405 tanto
1036 1363 1159 1419 amore,
1182 1344 1265 1423 quod
1277 1363 1342 1402 non
1433 1331 1434 1384 l

212 1467 281 1510 sum
305 1453 443 1507 mecum:
485 1443 615 1503 credatis
637 1441 717 1502 mihi
739 1441 879 1516 firmiter,
901 1443 985 1522 quod
1004 1464 1106 1522 neque
1127 1439 1264 1515 comedo,
1284 1461 1342 1500 ne·
1433 1485 1434 1490 κ

211 1553 273 1629 'que
301 1542 422 1605 dormio
448 1559 523 1622 prae
552 1561 597 1600 ea.
660 1542 701 1601 Et
732 1541 874 1602 homines
901 1543 1009 1604 dicunt
1035 1544 1164 1603 adme:
1205 1540 1342 1602 Domine

211 1645 377 1726 Magister,
410 1661 506 1722 quere
531 1640 575 1700 ita
607 1641 793 1721 pallescitisl
835 1661 941 1702 amone
969 1643 1031 1703 Dei
1051 1639 1218 1722 relinquite
1245 1641 1341 1700 libros

213 1754 348 1826 vestros,
372 1762 427 1805 vos
446 1741 579 1801 nimium
598 1740 737 1814 studetis,
759 1740 875 1800 debetis
896 1741 1062 1820 aliquando
1082 1743 1225 1802 solatium
1247 1759 1343 1820 quae-

211 1863 284 1906 rere
305 1851 335 1904 et
357 1840 498 1902 zechare:
542 1853 597 1900 vos
624 1840 695 1899 estis
717 1839 818 1899 adhuc
838 1861 920 1900 unus
939 1841 1063 1919 juvenis
1083 1841 1151 1915 vir,
1186 1841 1264 1900 bene
1284 1859 1341 1918 po-

211 1942 296 2006 testis
316 1940 417 2002 adhuc
437 1935 586 2020 prolicere
606 1937 646 1997 nd
668 1940 886 2009 Doctoratnm,
915 1950 945 2000 et
965 1940 1202 2021 lieriMsgister
1221 1951 1340 2000 noster:

198 2042 284 2104 ,estis
304 2041 397 2100 etiem
418 2037 658 2097 fundamentalis
686 2049 716 2096 et
736 2038 834 2097 bonna
853 2038 1017 2113 scholaris,
1039 2043 1150 2122 etjam
1172 2038 1259 2120 ‘qumi
1284 2058 1342 2098 va-

210 2139 281 2204 letis
300 2154 398 2200 unum
419 2133 596 2197 Doctor'em.
660 2136 722 2195 Sed
742 2157 797 2218 cgo
815 2158 883 2196 snm
904 2138 1047 2212 timidus,
1081 2149 1194 2199 utnon
1215 2157 1340 2219 possum

212 2241 316 2300 dicere
341 2257 441 2297 meam
471 2233 690 2296 infirmitt'tem.
753 2237 818 2316 Ego
848 2237 917 2318 lego
950 2237 1100 2300 Ovidium
1135 2239 1173 2298 de
1201 2237 1341 2298 remedio

212 2337 342 2410 amoris,
363 2352 454 2416 quem
479 2335 627 2395 Coloniae
655 2335 787 2416 glossari
815 2355 832 2394 a
853 2346 954 2396 vestra
976 2337 1123 2418 dignitate
1142 2357 1214 2397 cum
1235 2336 1341 2396 multis

210 2435 399 2498 notabilibus
425 2445 456 2519 et
484 2433 707 2494 mortalitatibus
739 2436 773 2494 in
801 2439 956 2516 margine5
1001 2455 1113 2499 verum
1149 2458 1213 2496 non
1242 2435 1341 2515 juvat,

211 2535 285 2616 quin
305 2534 363 2596 iste
383 2531 472 2592 arnor
491 2533 629 2612 quotidie
648 2531 684 2591 fit
704 2534 810 2613 major.
851 2535 960 2616 Nuper
980 2536 1135 2597 chorisavi
1154 2556 1225 2596 eum
1242 2555 1280 2593 ea
1293 2544 1341 2594 ter

211 2634 246 2694 in
267 2633 379 2693 choree
399 2633 559 2692 serotinali
581 2632 614 2690 in
636 2632 727 2690 domo
750 2634 881 2693 stulteti:
923 2646 997 2694 tnnc
1017 2635 1167 2695 fistulator
1188 2633 1342 2694 fistulavit

212 2731 395 2793 cantilenam
419 2732 458 2788 de
478 2731 603 2789 Pastore
624 2729 663 2788 de
684 2752 765 2790 nova
788 2733 926 2807 civitate,
960 2745 990 2794 et
1009 2736 1111 2796 statim
1137 2754 1241 2794 omnes
1262 2733 1341 2792 cho-

211 2829 356 2892 risatores
384 2829 640 2908 amplexabantur
664 2851 733 2886 suas
759 2829 910 2909 virgines,
943 2833 1024 2894 sicut
1046 2854 1111 2893 mos
1134 2842 1191 2892 est:
1230 2841 1262 2892 et
1285 2851 1340 2910 ego

211 2927 304 2989 etiam
337 2923 443 2984 mentie‘
467 2928 558 2987 valde
589 2920 792 2987 amicabiliter
824 2933 990 3010 compressi
1022 2934 1061 2992 ad
1089 2941 1195 3013 pectus
1222 2952 1340 3006 meum,

210 3047 283 3087 cnm
303 3025 366 3086 suis
387 3027 581 3099 mammillis,
616 3046 738 3086 necnon
767 3026 853 3106 tetigi
875 3029 999 3090 fortiter
1019 3053 1127 3090 manus
1147 3030 1227 3110 ejus3
1263 3043 1340 3091 tnnc

210 3125 278 3208 ipsa
297 3123 381 3197 risit,
417 3135 447 3184 et
467 3125 561 3184 dixit:
602 3125 636 3184 in
659 3125 762 3190 anima
790 3145 874 3199 mea,
910 3130 1046 3190 Domine
1067 3131 1230 3209 Magister,
1268 3131 1339 3189 estis

210 3222 399 3287 delectabilis
421 3224 485 3296 vir,
529 3234 560 3284 et
585 3223 704 3284 habetis
731 3226 889 3286 molliores
918 3249 1026 3289 marrus
1049 3250 1141 3311 quam
1162 3228 1232 3305 alii;
1273 3250 1339 3288 non

210 3321 326 3386 debetis
347 3323 493 3382 Sacerdos
513 3321 597 3396 fieri,
617 3324 672 3382 aed
692 3345 822 3384 uxorem
844 3326 991 3407 accipere,
1016 3337 1047 3388 et
1062 3328 1199 3408 inspexit
1220 3347 1270 3386 me
1283 3329 1339 3386 de·

210 3421 410 3489 lectabiliter,
433 3422 515 3502 quod
537 3442 593 3502 ego
615 3423 716 3496 credo,
738 3426 820 3503 quod
841 3445 890 3484 ine
909 3426 1009 3504 etiarna
1021 3429 1139 3488 occulte
1161 3435 1250 3485 amat.
1272 3428 1337 3487 Ve-

210 3541 280 3584 rum
302 3519 384 3581 ocull
399 3520 465 3600 ejus
485 3541 661 3581 cormeum
681 3521 725 3580 sie
745 3524 919 3598 laeserunt,
954 3527 1034 3586 sicut
1051 3548 1115 3587 una
1134 3527 1243 3608 sagitta
1263 3547 1338 3606 per-

209 3620 380 3704 transisset,
403 3613 434 3678 et
453 3621 553 3680 statim
574 3619 622 3681 ivi
642 3619 769 3680 domum
790 3642 861 3682 eum
882 3623 1001 3683 famulo
1017 3645 1103 3700 meu,
1132 3635 1164 3686 et
1183 3626 1274 3706 posui
1286 3643 1338 3683 me

208 3719 248 3780 nd
267 3720 391 3779 lectum.
431 3722 523 3779 Tnne
542 3727 641 3778 mater
659 3737 728 3778 mea
746 3719 843 3794 flevit,
864 3722 938 3801 quia
951 3723 1064 3798 timuit,
1088 3722 1170 3805 quod
1189 3722 1336 3782 haberem

209 3818 431 3901 pestilentium,
453 3839 488 3878 ne
508 3817 643 3878 cucurrit
664 3837 735 3876 cum
755 3819 847 3880 urina
868 3839 937 3880 mea
955 3821 995 3882 ad
1015 3823 1182 3884 Ductorem
1201 3823 1337 3882 Brunel-

208 3917 291 3991 lum,
313 3917 461 3977 clamans:
502 3917 639 3978 Domine
663 3918 795 3991 Ductor,
822 3938 898 3999 rogo
919 3941 974 3981 vos
994 3931 1122 4002 propter
1141 3922 1263 3995 Deum,
1284 3922 1337 4001 ju-

159 4058 161 4066 ,
208 4024 279 4074 vate
297 4013 398 4076 filium
419 4035 540 4093 meum3
555 4015 628 4076 volo
648 4015 736 4076 vobis
756 4016 830 4076 dare
856 4017 894 4077 ad
915 4021 1079 4099 propinem
1093 4041 1199 4082 'unum
1220 4021 1334 4080 bonam

209 4113 380 4188 camisiam,
403 4115 475 4194 quia
494 4114 632 4194 promisi,
653 4115 735 4194 quod
757 4116 848 4176 debet
868 4117 1015 4178 Sacerdos
1035 4119 1114 4179 fieri.
1156 4122 1247 4180 Tune
1264 4119 1336 4176 Me-

209 4211 296 4272 dicus
311 4212 392 4277 vidit
412 4215 552 4287 urinam,
581 4225 612 4274 et
630 4213 727 4274 dixit:
757 4214 815 4274 ille
831 4215 953 4295 pitiens
972 4237 1031 4297 pro
1051 4228 1141 4299 parte
1163 4228 1208 4278 est
1226 4217 1334 4277 chole·
