2896 4716
211 318 281 382 tm
438 363 442 368 .
583 278 982 376 errsronsu

211 483 282 535 ‘nou
307 471 454 554 competit
481 469 541 530 nisi
562 469 679 550 maguis
708 479 740 528 et
755 465 863 529 ‘decus
888 467 982 546 viris,
1022 469 1077 551 qui
1103 479 1175 531 suut
1197 469 1346 532 altissime

218 569 372 652 graduati,
402 570 498 629 multo
519 567 621 628 minus
635 567 747 629 loanni
767 566 983 640 Pfefferkoru‚
1017 568 1073 648 qui
1094 578 1138 630 est
1158 569 1263 629 idiota.
1305 571 1347 630 Et

219 662 290 751 e'rgo
317 669 470 748 Theologi
501 667 698 728 Colonienses
728 686 886 746 uunquam
922 666 1104 727 debuissent
1126 669 1345 747 praetendere,

219 771 302 852 quod
321 767 521 852 Pfefferkorn
544 765 701 846 componit
720 767 802 825 talia.
845 763 907 824 Sed
923 765 950 826 si
970 785 1024 846 ego
1046 786 1142 825 essem
1163 771 1346 848 Imperator,

209 875 275 949 'ego
293 867 407 928 vellem
426 863 624 924 Pfefferkorn
650 874 681 923 ct
700 865 884 944 Hogstraten
903 867 1089 946 suspendere
1110 864 1149 924 ad
1169 886 1269 926 unum
1291 888 1347 946 pa-

217 967 358 1027 tibulum.
399 960 573 1042 Respondi:
595 961 671 1042 quid
691 961 766 1023 fecit
785 964 931 1042 Magister
950 974 1055 1024 noster
1069 964 1198 1024 Iacobus
1210 963 1346 1044 deHog-

217 1064 355 1125 straten?
395 1072 498 1122 tamen
527 1071 572 1118 est
595 1058 694 1120 bouus
714 1061 901 1141 Imperialis‚
933 1062 1017 1143 quod
1039 1083 1093 1142 ego
1121 1064 1193 1125 volo
1214 1065 1347 1144 probare

217 1184 274 1244 per
294 1161 464 1244 Epistolam
483 1177 570 1217 suam
597 1158 636 1217 ad
656 1157 893 1239 Imperatorem,
926 1161 961 1220 in
982 1159 1105 1241 quasis
1123 1161 1244 1222 scribit:
1271 1163 1347 1223 ⁴Va-

217 1264 280 1322 leat
315 1271 345 1321 et
369 1261 411 1319 iu·
433 1268 592 1317 aeternum
620 1257 748 1336 gaudeat
775 1257 923 1318 Caesarea
948 1258 1107 1338 Majestas,
1135 1268 1237 1338 [quam
1257 1261 1346 1322 Deus
1445 1337 1446 1340 Ἴ

218 1361 353 1442 optimus
390 1356 602 1442 maximusque
627 1375 701 1416 suae
731 1357 884 1416 Ecclesiae
914 1373 1097 1418 conservare
1124 1357 1270 1438 dignetur
1289 1379 1347 1438 per
1445 1343 1446 1362 ³

143 1523 146 1528 ,
218 1457 318 1518 millia
344 1465 484 1535 tempora
509 1452 652 1512 felicem!
679 1485 720 1500 -
760 1453 852 1515 Dixit
881 1454 1044 1536 plebanus:
1075 1477 1131 1536 ego
1151 1457 1218 1518 vidi
1238 1457 1346 1516 decem

218 1555 431 1631 malefactores
450 1550 645 1624 mortificari,
667 1561 698 1611 et
719 1553 825 1612 nullus
847 1553 908 1614 fuit
928 1553 971 1612 ita
991 1553 1100 1631 dignus
1121 1555 1242 1630 mortis,
1265 1557 1347 1616 sicut
1445 1567 1446 1618 l

32 1723 37 1734 ι
130 1687 135 1697 ,
167 1686 174 1710 r
218 1657 422 1738 Hogstruten‚
455 1650 509 1732 qui
540 1661 603 1710 tam
630 1651 746 1710 bouum
772 1661 803 1710 et
822 1653 1019 1711 innocentem
1040 1653 1144 1712 virum
1166 1655 1209 1711 sic
1231 1653 1346 1734 injuste
1445 1707 1446 1716 ,

217 1754 361 1825 tribulat,
384 1759 414 1810 et
435 1748 536 1810 adhuc
557 1746 647 1829 petiit
668 1749 759 1808 etiam
781 1749 968 1830 adjutorium
986 1771 1005 1808 a
1017 1749 1102 1830 Rege
1115 1753 1273 1823 Franciae,
1291 1752 1347 1832 qui

219 1863 264 1912 cst
275 1853 416 1931 publicus
431 1847 575 1910 iuimicus
585 1847 735 1939 imperii,
756 1851 1016 1908 coutraloaunem
1025 1847 1192 1924 Rcuchliu,
1206 1851 1290 1930 quod·
1300 1862 1347 1910 est
1445 1839 1446 1920 ᾗ

175 1931 178 1942 ¹
219 1952 336 2012 crimen
356 1950 456 2008 laesae
477 1945 650 2023 majestatis,
674 1957 705 2004 et
722 1961 816 2026 super
836 1946 896 2008 boo
916 1947 1034 2006 Romae
1053 1948 1239 2010 lamentavit.
1280 1951 1346 2010 Re-
1445 1957 1446 1966 ’

219 2049 346 2130 spondi,
378 2045 461 2126 quod
481 2045 665 2124 Hogstrutcn
695 2044 771 2105 facit
795 2045 870 2104 talia
891 2046 958 2105 zelo
979 2045 1069 2120 fidei,
1104 2059 1135 2108 et
1153 2047 1227 2108 fides
1246 2049 1347 2128 major
1445 2077 1446 2102 ;

209 2159 280 2219 est,
308 2163 400 2225 quem
426 2143 613 2221 Imperator,
645 2151 677 2202 et
703 2143 856 2222 Theologi
876 2163 941 2203 non
968 2157 1078 2204 curant
1098 2147 1345 2226 superioritatem
1445 2127 1446 2166 ³

194 2243 397 2304 «secularem.
454 2243 543 2301 Tunc
562 2241 711 2322 plebanus
731 2241 886 2316 abscessit,
907 2241 1025 2302 diceus:
1054 2243 1346 2304 Oi'unoceutissime
1445 2291 1446 2310 ,

219 2341 391 2414 Reucblin,
430 2340 520 2400 debes
546 2352 581 2400 tu
607 2341 652 2398 sic
679 2342 806 2401 tractari
831 2361 850 2399 a
871 2339 1010 2419 pessimis
1031 2354 1062 2401 et
1080 2342 1345 2422 nequitiosissimis

220 2439 478 2502 tribulatoribus?
518 2439 651 2499 Deusta
670 2448 850 2516 conservet,
887 2439 941 2498 sed
960 2439 988 2498 si
1008 2441 1072 2499 ulla
1091 2453 1135 2502 est
1153 2441 1290 2520 justitia,
1311 2451 1344 2501 tu
1445 2459 1446 2512 ξ

219 2560 284 2600 uou
304 2549 389 2620 potes
404 2537 543 2620 superari
563 2538 598 2598 iu
618 2538 676 2598 ists
697 2551 798 2603 causet
850 2537 932 2616 Ergo
951 2557 1074 2617 possum
1096 2539 1213 2600 dicere:
1232 2541 1345 2616 „Zela-
1445 2525 1446 2560 ³

183 2619 186 2626 ¹
219 2639 298 2698 buut
317 2646 434 2715 gentes,
456 2647 486 2697 et
506 2629 588 2696 nihil
608 2637 771 2697 adversum
792 2645 823 2696 te
845 2629 1021 2717 poterunt.“
1060 2637 1219 2716 Respondi
1240 2639 1345 2698 occul·

118 2758 121 2763 ¹
192 2722 265 2795 „w
296 2733 388 2794 Fiant
409 2734 558 2812 dieeejus
577 2735 685 2813 pauci,
720 2747 751 2794 et
770 2737 987 2816 Episcopatum
1014 2735 1078 2814 ejus
1105 2736 1235 2816 accipiat
1257 2739 1343 2797 alter.
1445 2739 1446 2748 ’

219 2833 282 2895 Per
299 2835 422 2899 Deum,
451 2833 586 2892 Domine
607 2834 758 2909 Ortuiue,
793 2853 849 2894 uos
871 2832 1015 2893 babemus
1036 2835 1147 2892 multas
1167 2835 1344 2896 tribulatio·
1382 2909 1391 2930 1
1445 2853 1446 2900 l

219 2953 282 2992 nes.
324 2931 463 3006 Vellem,
484 2923 650 3010 quod'ista‘
666 2952 756 2992 causa
778 2942 856 2993 esset
875 2921 1034 3013 expedita:
1060 2941 1090 2992 et
1111 2952 1184 3012 ergo
1205 2935 1344 2993 scribatis
1445 2961 1446 2988 t

220 3029 299 3090 mihi
320 3018 446 3103 tamen,¹
472 3031 626 3118 quomodo
648 3041 706 3090 stat
724 3033 758 3090 iu
779 3031 873 3092 Curia
893 3032 1052 3104 Romane,
1091 3041 1121 3092 et
1140 3033 1267 3092 valeatis
1286 3055 1346 3115 per
1445 3047 1446 3108 g

126 3137 130 3147 '
218 3139 265 3190 tot
278 3149 383 3203 anuos,
404 3137 479 3209 quot
491 3127 572 3192 vixit
584 3130 796 3190 Metbusalem.
836 3131 953 3191 Datum
964 3129 1180 3191 Vr'atislaviae.

195 3315 198 3336 ¹
259 3377 262 3384 ,
358 3295 517 3372 Magister
536 3297 654 3355 Petrus
668 3295 834 3354 Steinhart
853 3299 900 3354 M.
932 3295 1065 3354 Ortus'no
1087 3295 1206 3356 Gratia.

233 3511 237 3526 k
299 3428 435 3490 Multum
457 3429 569 3490 vellem
590 3430 679 3490 vobis
698 3431 846 3504 scribere,
881 3431 1017 3490 Domine
1038 3419 1198 3504 Ostuiue,
1224 3427 1264 3489 de
1283 3449 1344 3528 uo-

217 3527 364 3590 vitatibus
394 3528 446 3588 hic
471 3529 544 3589 inde
567 3539 600 3586 et
621 3529 709 3588 bellis
727 3539 760 3589 et
780 3527 919 3608 guerris,
963 3539 994 3586 ct
1013 3528 1103 3588 etiam
1126 3529 1164 3587 de
1183 3548 1272 3588 causa
1289 3531 1346 3590 Jo-

32 3693 36 3705 ,
146 3695 149 3710 Ι
219 3626 308 3687 aunis
332 3624 497 3687 Reuclslin.
552 3627 613 3687 Sed
633 3627 695 3708 jum
722 3649 791 3687 sum
821 3627 865 3685 ita
887 3625 999 3703 iratus,
1031 3629 1114 3708 quod
1134 3647 1196 3687 uon
1216 3647 1343 3708 possum

217 3723 324 3786 sedere
342 3743 417 3804 prae
435 3727 500 3800 ira,
534 3736 565 3786 et
585 3746 657 3806 ergo
677 3744 741 3786 uon
765 3744 889 3806 possum
914 3722 1048 3784 scribere
1068 3726 1156 3799 talia,
1193 3725 1343 3804 quiscur

217 3823 323 3906 palpat
342 3823 438 3900 mibi,
470 3825 556 3907 quasi
578 3847 657 3884 unus
677 3835 851 3906 percuteret
873 3843 943 3883 cum
965 3845 1084 3904 pugno,
1119 3824 1193 3903 quia'
1218 3836 1262 3883 est
1287 3823 1343 3884 hic
1445 3853 1446 3902 j

217 3943 299 3983 unus
316 3923 465 3992 Almauus
485 3925 523 3984 de
544 3925 682 4005 partibus
704 3923 925 3998 Misncusium,
964 3931 994 3982 et
1018 3923 1083 4002 ipse
1098 3919 1242 4004 promisit
1260 3922 1343 4004 mibi

217 4021 291 4083 dare
305 4042 408 4082 uuum
431 4021 660 4085 iocabularium
677 4025 778 4085 duris:
813 4041 896 4081 nunc
910 4041 975 4080 non
996 4021 1064 4080 vult
1083 4021 1172 4093 dere,
1200 4019 1254 4079 sed
1275 4041 1341 4082 uon
1445 4033 1446 4080 t

216 4119 309 4198 juvat.
341 4121 389 4180 ‘Et
408 4123 518 4196 video,
537 4123 619 4204 quod
634 4123 807 4203 praetendit
825 4141 875 4180 me
894 4139 1016 4181 vexare.
1066 4119 1127 4179 Sed
1151 4118 1224 4199 quia
1244 4119 1340 4195 scitis,

208 4211 301 4295 'quod
319 4238 412 4291 omue
433 4222 618 4301 promissum
638 4221 719 4284 cadit
738 4221 773 4282 iu
793 4213 949 4293 debituiu,
984 4227 1146 4300 propterea
1174 4215 1237 4277 feci
1265 4235 1340 4276 eum
