2896 4716
416 258 955 342 osseuusvsuoa.
1181 265 1242 330 aas

117 417 183 482 ritis
203 417 240 494 iu
264 412 356 478 omni
374 415 521 498 qualitate
544 414 697 498 corporali
716 433 772 478 scu
790 412 928 494 mindi
947 419 1151 498 ecquomodo
1171 420 1242 480 lue-

117 518 183 601 ritis
205 519 388 578 fortunatus
406 516 541 576 fataliter
566 525 597 575 et
615 501 892 595 praedestinatione
918 516 1041 590 divina,
1081 537 1159 598 quae
1180 518 1243 582 init

119 627 185 678 ante
206 617 330 690 secula,
353 615 432 676 sicut
453 613 567 676 dixerit
583 614 776 688 Lactantius,
799 634 890 694 quem
911 615 1091 695 nuperrime
1113 616 1243 692 audive-

117 718 185 791 rim,
206 715 313 775 studio
336 713 544 786 intentionali,
566 713 689 793 quando
708 712 806 772 lectus
824 711 924 774 fuerit
942 713 1114 773 formaliter
1134 715 1188 776 hic
1207 714 1243 776 in

119 815 277 896 sapientia.
336 813 499 873 Praeterea
516 813 676 874 enimvero
696 809 819 873 venerit
837 831 917 871 nnus
936 810 1068 870 sociolus
1088 831 1128 872 ex
1148 813 1243 876 Celo-

119 915 190 987 nia,
216 924 248 971 et
268 909 379 992 gelidis
400 911 561 972 Almaniae
580 911 735 991 partibus,
765 919 928 992 apportans
947 909 1098 989 Epistolia
1117 909 1243 972 missiva

117 1011 282 1072 hincinde
304 1008 363 1069 sibi
384 1009 553 1088 astipulata,
573 1010 655 1089 quod
676 1029 737 1090 quo
756 1009 902 1090 videlieet
922 1009 1145 1084 intellexerim,
1165 1029 1242 1093 qua·

115 1112 187 1172 liter
208 1107 325 1170 fecistis
346 1106 527 1186 imprimere
554 1119 620 1168 arte
645 1108 820 1170 caracterali
847 1129 947 1170 unum
973 1107 1142 1184 librulum,
1186 1109 1241 1190 qui

115 1207 302 1288 intelligitur
320 1227 385 1266 esse
405 1204 458 1266 vel
479 1205 574 1265 fnisse
593 1205 765 1268 intitulatus
793 1227 849 1270 seu
868 1207 1130 1287 praenominatus:
1163 1206 1242 1290 Epi-

116 1307 209 1366 stolae
238 1306 451 1364 Obscurotum
477 1304 646 1380 Virorum,
683 1305 722 1365 ad
747 1305 930 1386 Magistrum
958 1306 1129 1368 Ortuiuum
1159 1307 1241 1368 Gra-

113 1407 208 1480 tiam,
249 1404 285 1463 in
306 1422 367 1482 quo
389 1403 496 1482 utique
516 1402 657 1464 codiculo
678 1425 733 1466 seu
751 1404 876 1478 libello,
918 1405 998 1466 sicut
1024 1405 1094 1466 talis
1119 1402 1241 1467 dederit

113 1505 195 1564 mihi
214 1501 467 1582 intelligendum,
490 1503 686 1562 continentur
707 1521 812 1564 omues
831 1502 975 1564 literulae
987 1504 1026 1564 ad
1043 1515 1174 1566 vestram
1190 1504 1244 1564 di-
1354 1557 1360 1580 „

113 1605 264 1684 gnitatem
285 1600 450 1660 hincinde
470 1600 637 1661 destinatae
657 1599 837 1663 charitative
859 1610 890 1662 et
909 1601 1119 1664 fraternaliter
1145 1625 1163 1663 a
1183 1624 1240 1665 ve-
1324 1609 1328 1632 ¹

112 1702 188 1762 stris
208 1699 360 1760 amiciret
385 1699 483 1772 notis,
520 1685 612 1758 etiim
640 1693 803 1780 posueritis
822 1719 926 1760 meum
948 1700 1123 1780 epistolium
1144 1703 1237 1782 intus,

110 1814 146 1869 et
167 1799 261 1862 valde
281 1797 434 1857 miratorio
449 1797 636 1876 stupefactus
656 1796 892 1878 fuerim„quod
912 1797 1082 1879 dignamini
1100 1821 1151 1864 me
1171 1815 1239 1866 tau-

112 1902 214 1980 tisper
232 1898 349 1959 honore
370 1894 593 1975 sesquipedali,
633 1904 664 1954 ct
685 1894 785 1955 facitis
808 1897 887 1956 mihi
907 1899 1091 1960 aeternalem
1111 1901 1236 1975 famam,

111 1981 300 2078 quapropter
319 1993 489 2052 habueritis
514 1993 610 2066 scire,
645 2004 793 2073 quatenus
820 1995 973 2056 voluerim
1002 1998 1089 2059 vobis
1108 2000 1237 2078 gratiam

111 2098 249 2168 referre,
270 2092 306 2152 in
327 2102 475 2171 quantum
488 2104 634 2170 potuero,
654 2092 745 2152 etiam
766 2091 936 2167 sciveritis,
961 2094 1093 2172 qualiter
1111 2096 1237 2156 studue-
1268 2169 1270 2180 Ι

110 2217 146 2256 ro
168 2195 222 2253 hic
242 2212 299 2272 per
314 2185 420 2258 'totum
440 2190 476 2250 in
494 2189 624 2252 Poeseos
644 2188 806 2248 artificiolo
812 2229 821 2262 ,
856 2199 887 2249 et
906 2209 979 2270 ergo
1007 2191 1123 2252 fuerim
1145 2193 1237 2255 aliter

109 2295 231 2355 stilatus
252 2309 345 2370 quam
363 2288 459 2368 prius.
499 2289 609 2350 Valete
629 2286 891 2368 sesquipedaliter·
932 2289 1048 2372 Datum
1068 2291 1193 2352 Romae.

262 2523 270 2566 )
305 2456 413 2512 Frater
429 2453 581 2548 Georgius
599 2453 697 2514 Bleci
711 2455 759 2513 M.
774 2453 908 2514 Orttaino
927 2453 1048 2513 Gratia.

200 2587 359 2652 Humilem
380 2590 548 2648 orationem
569 2586 684 2660 meam',
705 2607 775 2649 cum
796 2608 846 2662 ea,
867 2609 928 2668 qua
947 2587 1050 2663 decet,
1070 2587 1235 2670 subjectio-

73 2738 75 2741 ι
104 2713 151 2754 ne
170 2689 336 2770 Magister!
357 2685 445 2766 Quia
464 2707 520 2748 vos
540 2687 663 2766 misistis
683 2687 762 2748 mihi
781 2687 843 2748 huo
863 2686 980 2748 librum
999 2687 1124 2748 loannis
1143 2687 1234 2750 l'fef-

106 2793 261 2862 ferkorn,
298 2786 352 2865 qui
370 2797 414 2846 est
438 2785 666 2866 praetitulatus:
698 2785 848 2846 Defensio
875 2786 1006 2846 Ioannes
1031 2785 1234 2848 Pl'efferkoru
1282 2797 1286 2810 '

107 2900 216 2950 contra
249 2873 406 2958 famosas,
457 2903 548 2963 quem
584 2883 691 2961 utique
728 2883 893 2962 petivistis,
936 2883 1055 2945 ostendi
1089 2885 1232 2948 omnibus
1273 2897 1277 2906 '

106 2983 267 3067 Magistris
284 2984 397 3042 nostris
418 3003 480 3061 per·
499 2991 592 3041 totam
612 2979 816 3054 Parrhisiam,
850 2991 883 3042 et
906 2981 1048 3044 similiter
1066 2984 1106 3043 de
1124 2993 1232 3045 nostro
1269 3055 1270 3060 η

108 3085 231 3147 Ordine
253 3080 437 3160 Theologis,
460 3080 513 3160 qui
534 3079 722 3140 unanimiter
743 3079 904 3140 dixerunt:
929 3082 1234 3144 EcceAlmaniahae

107 3189 160 3246 bet
181 3179 551 3262 notabileas'l'heologos,
580 3179 614 3237 si
637 3199 716 3237 uirus
742 3178 875 3258 simplex
898 3181 1005 3249 ¹scribit
1023 3181 1114 3254 talia,
1155 3181 1230 3258 quid

108 3285 257 3344 deberent
276 3281 379 3338 facere
401 3277 481 3337 docti
496 3283 530 3338 'et
545 3276 702 3358 promoti?
721 3276 761 3336 Et
779 3296 861 3336 unus
880 3275 1079 3355 interrogavit
1093 3299 1166 3350 me,
1189 3300 1231 3338 an
1244 3317 1259 3350 s

109 3380 205 3442 etiam
225 3377 386 3457 Principes
414 3376 449 3436 in
473 3376 616 3440 Almania
643 3369 762 3434 iaciunt
787 3396 930 3456 magnam
953 3376 1158 3436 reverentiam
1177 3378 1231 3436 Jo-

109 3481 182 3541 anni
204 3469 425 3538 Pfefferkorn?
465 3473 621 3555 Respondi
634 3516 644 3548 ,
657 3474 746 3556 *quod
767 3493 824 3552 pro
843 3485 930 3553 parte
949 3494 1022 3538 nou·
1072 3476 1112 3535 Et
1131 3475 1243 3555 quali«,

109 3580 245 3658 scripse
267 3588 422 3634 estverus
450 3585 481 3633 et
501 3572 630 3632 'dilectus
651 3572 830 3632 sollicitator
852 3573 1064 3662 Imperatoris,
1092 3573 1133 3636 atl
1152 3594 1229 3656 pro-

110 3677 283 3737 curandum
304 3659 460 3754 negotium
489 3673 527 3732 de
553 3671 642 3731 libris
667 3672 853 3732 Iudaeorum
874 3677 905 3732 et
924 3685 1122 3754 augmentum
1141 3673 1231 3735 Fidei
1334 3713 1344 3736 ι

109 3777 311 3838 Christianae.
351 3775 392 3833 Et
408 3773 491 3853 quod
509 3770 685 3850 Episcopus·
697 3759 943 3856 Moguntiuensis
963 3771 1033 3853 piae
1053 3775 1232 3850 memoriae,

110 3876 275 3936 defunctus
296 3869 618 3951 jam,'solebat·valde
640 3866 711 3929 eum
725 3891 854 3946 ammo,
881 3881 913 3931 et
931 3869 1072 3952 promisit
1090 3869 1120 3932 ei
1139 3871 1231 3936 suat-

110 3977 186 4034 lium
206 3973 242 4033 in
261 3972 362 4032 rebus·
377 3972 528 4044 omnibus,
550 3960 698 4049 quantum
726 3970 789 4034 futt
816 3969 847 4032 ei
866 3969 1028 4052 possibile,
1059 3983 1090 4034 et
1107 3971 1230 4055 quando

110 4073 289 4134 ambulavit
303 4070 378 4130 hino
397 4070 470 4131 inde
495 4067 528 4128 in
548 4067 670 4146 negotio
692 4065 763 4128 fidei
775 4100 801 4144 ,·
829 4078 904 4132 tune
932 4063 1018 4132 dedit
1035 4070 1066 4134 ei
1084 4089 1230 4157 magnum

110 4172 201 4254 pretii
221 4189 386 4232 nummum
406 4189 464 4251 pro
483 4167 604 4230 viatico.
645 4166 816 4250 Respondit
835 4189 916 4233 uuus
937 4163 1126 4257 Theologusr
1146 4169 1231 4240 taeta
