2896 4716
102 297 105 306 Ι
203 348 268 416 244
486 401 490 430 ,
563 345 965 417 arts'roaaa

203 505 434 570 Praedicatores
454 516 610 568 cantamus
630 506 776 588 grossiori
796 530 889 587 voce,
911 531 1003 594 qnam
1025 511 1080 574 alii
1093 509 1253 594 Religiosi.
1274 513 1337 574 Di-

124 602 132 618 '
204 627 260 679 oo,
280 607 364 688 quod
385 627 449 667 uon
469 607 508 666 ob
529 607 622 667 aliam
642 608 794 669 rationem
815 622 906 690 puto,
928 611 990 671 nisi
1005 612 1089 691 quod
1108 611 1337 674 scribiturEsa.

185 709 254 788 Ὶ59.
293 707 485 788 „Rugiemus
511 706 599 788 quasi
624 707 690 767 ursi
717 729 841 784 omnes,
883 719 914 768 et
939 713 1026 789 quasi
1051 711 1210 772 columbae
1231 731 1338 790 gense-

203 811 303 868 mus.“
351 807 391 866 Et
410 815 574 887 propterea
593 807 703 880 credo,
734 808 817 894 quod
839 810 870 869 S.
880 809 1063 871 Dominicus
1083 811 1184 872 voluit
1202 811 1338 890 implero

202 908 292 968 istam
313 905 522 988 Prophetiam.
564 905 706 965 Secundo
727 907 883 986 quaeritis,
906 908 989 987 quod
1008 918 1132 983 teneo,¹
1146 931 1185 969 an
1198 911 1230 968 S.
1244 909 1337 970 Tho-

201 1029 285 1082 mas,
321 1007 373 1067 vel
393 1004 623 1066 &Dominicis
643 1017 688 1063 est
707 1007 849 1067 sanctior.
890 1007 987 1081 Dico,
1025 1009 1108 1088 quod
1136 1020 1208 1070 sunt
1228 1009 1338 1069 variae

202 1106 381 1188 opiniones,
421 1115 454 1164 et
471 1106 621 1165 Doctores
647 1103 775 1166 Ordinis
800 1109 899 1166 nostri
921 1105 1017 1168 variis
1039 1107 1138 1169 modis
1161 1107 1335 1188 disputant:

199 1204 300 1286 aliqui
319 1212 441 1278 teuent,
478 1205 562 1285 quod
589 1205 620 1264 S.
656 1204 842 1264 Dominicus
870 1215 916 1266 est
942 1206 1077 1267 sanctior
1102 1209 1215 1267 merito
1240 1206 1335 1279 ritae,

197 1306 338 1367 sednon
359 1302 472 1363 merito
494 1303 667 1382 doctriuae;
707 1313 739 1364 et
757 1323 815 1384 per
834 1305 1039 1379 contrarium,
1082 1305 1113 1364 S.
1130 1305 1268 1364 Thomas
1289 1311 1337 1364 es't

200 1397 335 1466 sanctior
360 1401 473 1462 merito
502 1390 679 1476 doctrinae,
719 1424 783 1462 uon
809 1404 920 1464 merito
948 1404 1039 1465 vitae.
1119 1404 1185 1464 Alii
1212 1413 1334 1485 putant,

199 1503 286 1584 quod
306 1501 490 1583 simpliciter
510 1505 541 1561 S.
556 1502 740 1562 Dominicus
761 1511 807 1562 est
824 1503 975 1576 sanctior,
1009 1513 1040 1564 et
1059 1504 1192 1583 probant
1213 1504 1334 1562 duabus
1445 1499 1446 1502 ’

197 1601 381 1666 rationibus·
420 1600 527 1661 Prima
544 1603 607 1675 est,
635 1589 708 1682 quia
731 1601 762 1660 S.
778 1602 962 1662 Dominicns
982 1611 1027 1662 est
1047 1605 1182 1683 sanctior
1201 1602 1333 1662 Ordinis

178 1683 312 1776 ,nestra
333 1700 430 1786 etsie
451 1701 481 1759 s,
497 1699 648 1774 rioms,
682 1700 736 1781 qui
758 1701 1090 1775 assissinorum,
1112 1701 1175 1762 fuit
1188 1701 1253 1780 ejus
1266 1701 1333 1760 sn-

198 1802 329 1882 cipulus.
372 1799 433 1860 Sed
452 1820 517 1860 uon
539 1810 585 1859 est
605 1799 774 1879 discipulus
795 1813 890 1878 super
906 1799 1097 1879 Magistrum.
1138 1802 1230 1880 Ergo.
1272 1802 1332 1859 Se-

195 1900 299 1964 cunda
320 1908 380 1973 est,
404 1899 476 1979 quia
496 1893 637 1960 doctriua
656 1918 720 1957 non
743 1897 835 1958 habet
855 1898 1162 1986 praerogativam'ad
1181 1901 1276 1961 vium
1298 1908 1332 1959 et

196 2009 294 2080 gesta:
316 2009 346 2058 et
367 2018 456 2078 ergo,
489 1999 563 2060 licet
583 2000 614 2058 S.
633 1997 769 2058 Thomas
789 1997 852 2056 fuit
871 1997 1006 2070 doctior,
1025 2017 1116 2076 quam
1136 2000 1167 2058 S.
1180 1997 1331 2058 Domini-

197 2119 267 2172 cus,
288 2111 390 2157 tamen
414 2120 478 2158 non
499 2109 663 2178 propterea
682 2096 774 2155 etiam
792 2106 840 2155 ¹est
859 2096 1002 2156 sanctior.
1021 2095 1086 2156 Alii
1099 2099 1219 2170 volunt,
1244 2098 1331 2176 quod

195 2197 380 2277 simpliciter
402 2199 433 2258 S.
455 2195 590 2257 Thomas
611 2209 656 2258 cst
674 2197 829 2262 sanctior,
866 2179 938 2275 ipuia
959 2214 1022 2254 non
1043 2195 1186 2256 actalius
1206 2197 1331 2256 Doctor

194 2298 283 2358 inter.
298 2316 405 2356 omues
425 2305 564 2369 sanctos,
606 2295 660 2375 qui
680 2295 853 2374 appellatur
877 2297 996 2354 Doctor
1013 2307 1152 2369 sanctus,
1185 2305 1330 2376 praeter-

105 2400 109 2414 *
196 2417 289 2479 quam
309 2398 341 2456 S.
357 2395 503 2456 Thomas.
545 2395 586 2454 Et
607 2414 695 2472 ergo,
725 2395 806 2453 sicut
825 2393 1003 2454 Aristoteles
1023 2395 1197 2476 appellatur
1216 2394 1329 2456 Philo-

194 2495 328 2577 sophus,
368 2506 398 2556 et
417 2495 532 2555 Paulus
549 2495 735 2575 Apostolus,
776 2493 871 2553 sicet
892 2495 923 2554 S.
946 2493 1082 2554 Thomas
1098 2504 1226 2575 propter
1246 2495 1328 2554 emi-

194 2590 332 2656 nentiam
353 2605 481 2655 vocatur
500 2602 632 2654 sauctus.
673 2594 713 2652 Et
734 2609 807 2671 ergo
827 2611 892 2652 nou
913 2592 1014 2652 solum
1037 2593 1072 2654 in
1092 2594 1250 2668 doctriua,
1271 2594 1327 2654 sed
1379 2589 1386 2594 ’

194 2694 288 2754 etiam
309 2695 344 2754 iu
364 2695 521 2754 sanctitate
542 2705 586 2752 est
606 2675 704 2770 major
725 2711 817 2772 quam
839 2693 870 2751 S.
889 2692 1081 2753 Dominicus.
1143 2693 1326 2774 Responde-

192 2803 261 2868 tur,
295 2793 379 2872 quod
401 2795 433 2851 S.
453 2792 590 2852 Thomas
610 2799 739 2852 vocatur
758 2801 896 2864 sanctus,
934 2810 998 2850 uon
1021 2793 1106 2871 quod
1125 2801 1171 2852 cst
1187 2793 1326 2853 sanctior

195 2891 339 2951 omnibus
358 2889 427 2948 aliis
448 2889 559 2950 sanctis
579 2888 777 2970 simpliciter,
798 2889 852 2948 sed
870 2899 990 2950 tautum
1009 2891 1092 2951 inter
1111 2893 1326 2952 sanctosDoc-

192 3000 275 3051 tores
296 2999 341 3048 est
361 2988 503 3048 sanctior.
569 2990 610 3048 Et
635 2989 679 3048 sic
706 3008 770 3048 uon
793 2998 838 3047 est
856 2989 1000 3063 sanctior,
1022 3011 1114 3069 quam
1131 2993 1161 3050 S.
1177 2992 1325 3052 Domini-

193 3108 266 3162 cm,
308 3089 392 3165 quod
416 3089 510 3148 etiam
532 3087 612 3148 dixit
631 3087 711 3148 mihi
737 3108 818 3148 unus
837 3088 983 3167 antiquus
999 3087 1037 3148 de
1060 3089 1180 3150 Ordine
1200 3101 1324 3151 nostro:

192 3187 278 3270 quod
300 3188 368 3248 vult
394 3186 474 3248 mihi
493 3189 653 3249 ostendere
673 3189 708 3248 in
728 3207 792 3247 uno
812 3187 893 3246 libro
906 3187 1113 3263 veterissimo‚
1144 3191 1228 3269 quod
1247 3211 1325 3272 pro-

192 3287 327 3348 hibitum
351 3295 395 3347 est
417 3287 574 3369 disputare
594 3289 635 3350 'de
654 3288 870 3369 superioritatc
891 3286 974 3346 inter
999 3285 1073 3347 istos
1098 3287 1174 3347 duos
1194 3299 1323 3348 sanctos.

191 3377 233 3448 Et
252 3405 328 3466 ergo
348 3387 492 3468 relinquo
513 3389 592 3448 hanc
613 3387 843 3468 quaestionem,
881 3395 912 3444 et
932 3403 995 3444 non
1016 3386 1089 3446 volo
1110 3405 1176 3446 eam
1198 3387 1326 3447 decide-

191 3505 236 3548 re.
272 3480 386 3546 'Tertio
408 3488 571 3566 qnaeritis,
593 3508 632 3547 an
655 3486 747 3546 etiam
768 3496 853 3565 puto,
875 3484 958 3564 quod
978 3485 1109 3544 ioannes
1124 3485 1324 3549 Pfefferkorn

120 3595 128 3610 ⁸
191 3584 401 3667 perseverabit
419 3587 454 3648 in
475 3587 552 3647 Fide
575 3585 772 3650 Christiana?
803 3584 1007 3664 Respondeo,
1034 3584 1118 3663 quod
1138 3606 1196 3665 per
1216 3586 1324 3648 Deum

180 3685 296 3747 nescio
317 3686 393 3765 quid
415 3688 512 3747 debeo
531 3687 649 3759 dicere,
690 3686 764 3764 quia
794 3695 839 3745 est
867 3681 957 3742 valde
981 3683 1197 3762 periculosum.
1257 3686 1323 3746 Vos

192 3785 272 3847 benc
302 3785 385 3844 scitis
412 3785 492 3846 illud
521 3788 698 3866 exemplum
734 3784 773 3844 ad
806 3791 944 3842 sanctum
974 3782 1127 3844 Andream
1155 3784 1321 3845 Coloniae:

193 3883 325 3964 qualiter
359 3904 441 3944 rinus
471 3887 615 3945 Decanus
647 3885 783 3965 ejusdem
808 3881 963 3941 Ecclesiae
990 3881 1124 3942 Judaeus
1149 3883 1322 3962 baptizatus

192 3980 364 4042 diutissime
382 3984 495 4044 mansit
515 3985 549 4044 in
572 3983 648 4044 Fide
668 3981 859 4054 Christiana,
881 3992 912 4038 et
930 3979 1011 4041 vixit
1030 3981 1207 4042 rectissime.
1258 3983 1321 4043 Sed

192 4091 298 4162 postea
318 4083 351 4143 in
373 4083 504 4143 articulo
528 4084 636 4160 mortis
662 4081 750 4162 jussit
778 4081 838 4140 sibi
857 4073 981 4160 portare
1008 4101 1106 4140 uuum
1126 4081 1266 4160 leporem
1289 4093 1322 4143 et

99 4213 102 4222 =
193 4163 370 4255 canem,'et
389 4183 474 4243 misit
493 4203 544 4266 eos
564 4202 708 4258 currere,
728 4192 802 4242 tunc
820 4179 922 4240 statim
941 4179 1024 4238 cauis
1044 4179 1251 4260 apprehendit
1270 4181 1321 4240 le-

191 4298 309 4357 porem.
348 4269 439 4342 Tunc
453 4283 569 4344 iterum
588 4281 676 4362 jussit
694 4279 820 4346 currere
839 4299 938 4346 uuum
959 4287 1071 4340 cattum
1094 4288 1125 4339 et
1142 4297 1275 4353 murem,
1288 4290 1322 4340 et
