2872 4722
353 277 916 438 ‚ouscumvinou
1070 379 1074 385 -
1145 329 1205 396 133

97 493 181 564 ricae,
202 501 231 554 et
248 496 414 569 propurte
431 486 670 569 phlegmaticueg
702 483 881 568 ipsehabet
900 483 1010 548 timere
1032 485 1071 548 de
1092 503 1201 570 magno

97 607 198 652 tumore
216 590 300 649 eirca
319 607 424 661 renes,
464 597 592 669 propter
619 587 793 655 inflationes
818 605 855 646 ae
875 587 1202 650 tormenta·ventrioa··

95 691 142 764 lin,
160 711 195 750 ex
213 689 295 756 mela
315 685 502 765 digestione3
522 687 613 748 debet
634 706 758 748 numere
776 685 962 757 medicinam
984 687 1212 772 extractivame

96 803 131 848 est
146 809 202 860 unu
221 786 337 860 herba,
365 805 444 865 quae
463 785 609 858 videlicet
631 783 747 846 dieitur
773 784 875 864 Gyni,
893 833 895 838 ,
916 804 1042 845 nereena
1065 786 1099 848 in
1124 785 1200 847 loeis

95 887 226 961 humidis,
257 885 375 945 habens
395 903 519 968 gravem
543 884 689 957 odorem,
710 885 790 953 sieut
809 885 898 952 docet
917 884 1093 948 herbarium
1113 885 1200 945 illiue
1244 869 1250 890 ’

95 987 189 1049 herbae
198 994 299 1066 pertea
319 984 486 1046 inferiores
505 985 621 1046 debetis
632 993 807 1060 conterere,
828 997 858 1044 et
877 1004 947 1046 eum
965 1002 1021 1044 auo
1039 1003 1129 1045 auooo
1149 983 1200 1044 fa-

94 1107 149 1144 cere
168 1105 261 1159 unum
288 1085 418 1163 longum
446 1085 661 1165 emplastrum,
697 1093 728 1145 et
756 1085 786 1144 ei
804 1103 923 1166 ponere
942 1083 981 1150 ad
1001 1093 1102 1144 totum
1120 1103 1198 1144 ven·

93 1197 156 1246 trem
175 1205 261 1246 auum
283 1182 365 1242 hora
384 1194 536 1258 consueta,
558 1184 690 1245 et'debet
702 1182 804 1261 jacere
820 1203 916 1266 anper
935 1191 1075 1254 ventrem
1097 1201 1197 1255 ouum,

92 1285 156 1343 bene
173 1283 326 1350 adunam
347 1281 457 1342 horam
478 1284 612 1351 multum
631 1283 784 1343 sudando:
832 1283 876 1348 aio
897 1283 965 1345 aine
984 1279 1080 1340 dubio
1100 1301 1199 1345 oerea-

92 1385 155 1443 buut
172 1383 223 1450 illu
242 1389 399 1443 tormenta
429 1382 627 1457 ventriculia,
668 1403 739 1456 oum
769 1382 832 1443 auia
861 1381 1088 1457 inflationibus,
1125 1379 1198 1460 quia

90 1503 144 1542 non
164 1485 205 1540 est
224 1481 283 1541 alia
311 1477 465 1540 medicina
485 1489 547 1541 tam
570 1482 676 1546 efficax
694 1482 733 1541 ad
753 1479 844 1550 iatam
858 1479 1085 1552 infirmitatem,
1116 1478 1197 1539 aient

89 1581 150 1654 illa,
168 1589 202 1640 ut
221 1588 264 1640 est
281 1579 447 1660 probatum
467 1578 502 1644 iu
523 1580 629 1647 multia
649 1580 843 1661 patientibus,
896 1580 1016 1651 Verum
1037 1589 1119 1639 certe
1138 1578 1196 1637 bo·

88 1699 156 1738 num
182 1689 238 1752 eet,
268 1687 306 1739 ut
335 1679 402 1758 ipre
428 1679 518 1758 priua
545 1679 676 1759 accipiat
705 1700 798 1748 unam
825 1678 1043 1763 purgationem
1064 1675 1104 1736 do
1124 1675 1196 1736 albo

89 1795 189 1856 graeco
207 1797 272 1842 cum
290 1797 381 1844 aucoo
401 1777 587 1858 taphaniana
608 1777 766 1839 drachmae
786 1777 841 1857 iij,
864 1790 895 1838 et
915 1780 995 1850 hene
1015 1775 1084 1850 erit
1105 1776 1196 1836 Tune

88 1885 180 1938 mater
204 1875 302 1950 venit,
350 1884 381 1936 et
400 1876 486 1936 dedit
505 1877 585 1945 mihi
606 1879 697 1938 talem
719 1877 932 1962 purgationem
953 1888 1062 1939 eontra
1079 1874 1196 1938 volun·

88 1985 171 2034 tatem
190 1985 302 2047 meam,
323 1987 355 2035 et
374 1974 471 2037 habui
490 1975 525 2048 in
544 1977 600 2037 illa
620 1987 708 2038 nocte
729 1977 865 2058 quinque
882 1977 968 2038 aeder
988 1995 1127 2056 magnae,
1147 1981 1195 2033 at-

89 2092 140 2152 que
158 2071 233 2132 nihil
254 2073 409 2149 dormivi,
429 2095 610 2160 semperque
631 2078 772 2158 cogitavi,
791 2076 945 2172 quomodo
965 2059 1052 2136 illani
1072 2075 1107 2134 in
1119 2072 1196 2134 oho-

88 2191 133 2230 ree
151 2173 312 2252 eompresai
332 2195 403 2236 eum
424 2175 488 2235 auia
507 2165 684 2237 mammillis
704 2177 744 2236 ud
771 2186 878 2256 pectus
901 2195 1021 2247 meum,
1054 2193 1090 2246 eo
1115 2171 1210 2254 quo-¹

87 2269 166 2329 modo
184 2271 237 2345 illa
258 2293 310 2330 me
331 2273 456 2352 aspexit
504 2275 619 2335 Precor
643 2295 700 2336 voa
724 2286 852 2355 propter
872 2294 996 2338 omnem
1015 2271 1194 2344 bonitatem,
1257 2313 1261 2324 ·

87 2391 165 2450 quam
183 2372 216 2432 in
243 2370 335 2443 vobis¹
360 2371 498 2452 habetis,
528 2373 612 2453 quod
631 2373 735 2440 velitis
756 2373 834 2445 mihi
854 2374 929 2449 dare
949 2391 1050 2448 unum
1069 2369 1195 2451 experi-

84 2481 212 2530 mentum
233 2469 271 2529 de
293 2489 410 2547 amore,
451 2493 491 2539 ex
511 2480 615 2538 restro,
634 2491 733 2551 paruo
751 2473 853 2544 libro,
890 2471 925 2542 in
953 2491 1015 2550 quo
1042 2482 1100 2544 atet
1119 2468 1196 2530 aori·

82 2581 180 2654 ptum,
200 2569 360 2649 probatum
379 2579 438 2646 eat,
459 2591 552 2652 quem
573 2572 668 2630 semel
689 2571 880 2634 ostendistis:
920 2569 1000 2630 Ecce
1019 2591 1060 2639 ex
1077 2569 1133 2634 ilto
1154 2565 1195 2628 li·-

84 2669 131 2728 bro
147 2688 269 2749 possum
292 2668 410 2744 facere,
452 2659 535 2750 quod
556 2668 656 2732 omnii
679 2669 793 2742 mulier
813 2691 863 2745 me
881 2681 978 2748 amat3
1011 2679 1043 2730 et
1063 2667 1124 2744 piei
1144 2662 1194 2727 fa·

84 2767 167 2836 ciatis,
185 2768 225 2827 D.
238 2767 399 2846 Magister,
421 2778 495 2831 tunc
516 2789 571 2850 ego
593 2767 717 2846 moriar,
737 2779 768 2838 et
789 2780 888 2844 mater
905 2789 974 2833 inea
992 2787 1067 2850 prae
1087 2764 1195 2828 dolore
1222 2774 1266 2816 ''-

84 2866 164 2926 etiam
174 2866 336 2930 morietur.
377 2868 650 2949 ExHeidelbergo
1149 2851 1153 2858 f

84 3035 227 3115 Magister
254 3033 414 3094 Ortuinue
440 3033 571 3092 Gratius
590 3036 749 3114 Magistro
774 3037 1025 3112 Mummorreoto,
1052 3034 1193 3117 profun-

179 3135 309 3192 dissimo
321 3136 435 3206 mnino,
459 3136 495 3193 io
513 3137 618 3212 prium
632 3135 741 3213 gradu
761 3139 976 3198 amicitiarum
988 3137 1021 3196 S.
1036 3137 1080 3204 D,

151 3267 197 3328 Ex
217 3291 282 3350 quo
311 3269 388 3329 dicit
408 3269 583 3350 Scriptura:
624 3281 727 3345 „amat
745 3271 900 3346 Dominus
926 3268 1099 3353 gradientes
1119 3268 1195 3330 eim-

83 3365 235 3444 pliciter,“
287 3368 358 3427 ideo
396 3369 489 3428 laudo
530 3368 772 3430 dominationem
813 3383 945 3432 vestram
957 3413 966 3444 ,
997 3368 1195 3440 subtilissime

82 3464 202 3528 Domine
226 3467 393 3545 Magister,
435 3467 519 3549 quod
548 3469 682 3542 scribitis¹
708 3467 787 3538 mihi
813 3479 875 3532 tam
903 3469 1087 3549 simpliciter
1119 3487 1195 3527 con·

83 3565 190 3644 ceptu'm
211 3565 327 3626 mentia
347 3577 481 3643 vestrae,
502 3569 636 3631 oratorie
654 3580 766 3642 tamen,
786 3567 865 3642 siout
885 3570 962 3640 entia
978 3570 1057 3629 bene
1076 3566 1194 3627 etilatua
1272 3623 1278 3636 ,

82 3660 111 3720 in
127 3661 319 3727 latiniaendo.
359 3663 427 3747 Ego
447 3668 521 3728 volo
540 3669 628 3731 vobia
649 3671 741 3743 etium
761 3667 943 3749 simpliciter
962 3665 1195 3728 scriberelthe-

83 3763 246 3838 toriealiter,
270 3775 301 3826 et
321 3787 383 3827 non
404 3768 611 3833 Poetioaliter.
663 3768 798 3834 Domine
817 3767 964 3848 Magister
982 3766 1195 3830 amicabilitti-

83 3880 140 3935 me,
183 3885 240 3925 vos
275 3866 478 3951 manifeatatis
514 3867 594 3928 mihi
625 3869 665 3929 de
692 3888 797 3929 amore
824 3877 941 3931 vestro:
1003 3887 1060 3948 ogo
1087 3867 1220 3945 miror,

83 3960 155 4036 quod
172 3983 237 4024 non
260 3965 332 4024 eatis
351 3967 552 4047 prudentior,
587 3985 679 4048 quam
700 3961 785 4047 quod
804 3966 898 4028 vultia
919 3986 1024 4054 emam
1045 3965 1194 4046 virginea:

84 4056 143 4118 dieo
162 4064 266 4138 robia',
287 4067 369 4144 quod
390 4067 471 4128 male
491 4067 610 4142 facitis,
644 4079 675 4130 et
694 4067 811 4128 habetis
830 4069 1022 4148 propositum
1043 4063 1196 4146 peccami-

84 4175 198 4235 nomm,
232 4164 316 4244 quod
340 4167 395 4226 ios
421 4177 523 4248 poreet
542 4168 656 4230 ducere
677 4169 716 4228 ad
736 4167 906 4239 infernum.
957 4169 1032 4250 vEgo
1053 4163 1195 4246 cogitavi,

87 4257 159 4335 quod
178 4260 249 4322 eatis
268 4262 433 4339 discretus,
456 4278 493 4326 -et
513 4287 577 4330 non
600 4268 714 4329 curatis
733 4269 804 4329 ietaa
830 4267 986 4343 levitates,
1017 4285 1095 4347 quae
1116 4283 1196 4322 rem-
