2840 4718
399 329 844 408 pireneos
962 313 963 318 ‘
1158 342 1225 411 :451

86 513 127 568 tn
148 498 615 576 &remurmuremus
634 511 703 563 erat
719 501 809 562 loeus
829 499 990 564 schismati.
1052 504 1116 564 lul.
1135 501 1224 567 Boua
1284 485 1287 497 ’

89 603 198 666 verba.
241 603 306 684 Ego
327 611 472 663 sexcenta
490 601 573 662 bella
593 601 826 681 mulim,.qnam
845 601 1028 662 Concilium.
1089 603 1177 682 Quid
1195 606 1223 666 si

90 723 142 762 me
162 701 385 764 submovissent
403 722 422 762 a
441 700 621 774 Pontificio,
660 700 761 763 veluti
779 700 980 763 simoniacum
1001 710 1032 764 et
1050 703 1224 784 negotiato-

88 821 158 863 rem
179 801 352 876 Pontihoii,
374 822 439 863 non
460 801 665 860 Pontificem?
712 799 800 878 Quid
819 801 847 860 si
867 819 989 860 omnem
1008 801 1105 862 uitam
1123 819 1224 864 meam
1306 857 1308 861 .

87 900 326 983 perdidicissent
352 899 620 982 prodidissentque
640 901 675 962 in
696 899 834 979 vulgus?
882 903 954 960 Pet.
978 901 1098 982 Etiam3
1119 904 1147 964 ei
1165 927 1223 967 ve·

90 1020 146 1061 rus
174 1000 323 1060 Pontifex
350 1020 443 1073 esses,
484 1011 587 1061 tamen
614 1000 708 1060 satius
736 1003 802 1058 orat
828 998 943 1060 honori
964 1000 1089 1076 cedere,
1113 1023 1223 1085 ¹(poam

87 1099 185 1160 -tuntis
203 1099 288 1160 orlris
307 1098 468 1160 christian
487 1101 577 1161 malis
603 1111 689 1161 tuam
718 1097 896 1178 dignitatem
922 1099 1015 1160 tueri.
1076 1101 1111 1161 Si
1130 1107 1222 1167 modo
1307 1097 1308 1100 ¹

88 1199 224 1279 dignitus
251 1207 296 1261 est
323 1199 525 1278 Episcopatus
555 1200 684 1282 indigno
704 1198 897 1274 commissus,
932 1217 968 1258 ae
987 1217 1029 1258 ne
1047 1204 1224 1268 commissus

91 1298 234 1379 quidem,
256 1297 311 1358 sed
331 1309 449 1380 emptus
471 1309 502 1359 et
521 1309 670 1380 arreptos.
732 1299 823 1360 Unde
844 1298 925 1358 illud
950 1296 1029 1358 mihi
1048 1301 1149 1363 obiter
1168 1324 1226 1366 ve·
1302 1331 1306 1337 ’

89 1397 139 1458 nit
156 1399 192 1458 iu
213 1405 366 1472 mentem,
399 1407 430 1458 te
454 1397 584 1458 ‘consilio
602 1399 744 1478 ¹quodum
763 1397 871 1458 divino
893 1397 992 1460 Gallis
1012 1401 1150 1461 extitisse
1167 1425 1225 1484 pe-

90 1505 185 1572 stem,
201 1497 255 1578 qui
270 1495 363 1577 'prius
384 1497 530 1557 eeclesiae
550 1509 581 1558 te
603 1484 720 1579 pestem
738 1498 937 1558 invexerunt.
997 1499 1063 1558 Jat.
1083 1501 1145 1572 Per
1164 1503 1225 1564 tri-
1306 1499 1307 1506 '

88 1597 205 1678 plieem
233 1615 379 1656 coronam
403 1617 503 1656 meum
531 1595 619 1676 juro,
661 1617 779 1679 perque
806 1615 889 1656 meos
908 1596 1092 1660 clarissimos
1111 1601 1226 1664 trium·

86 1695 190 1778 phos,
223 1695 349 1757 simihi
368 1697 464 1759 bilem
484 1695 636 1765 moveris,
668 1698 781 1757 senties
798 1706 829 1755 et
847 1705 884 1755 tu
903 1697 969 1757 vim
986 1699 1068 1760 Iulii.
1109 1704 1179 1762 Pet.
1194 1705 1224 1763 O

88 1794 324 1878 phreneticum,
344 1796 398 1856 sed
411 1798 621 1871 mundanum,
642 1817 683 1856 ne
696 1795 886 1856 mundanum
900 1805 1028 1872 tautum,
1049 1799 1105 1860 sed
1119 1801 1225 1863 ethui-

90 1915 177 1970 enm,
196 1897 261 1954 iuro
285 1895 416 1956 ethnicis
434 1897 670 1958 sceleratiorem.
733 1895 901 1969 Gloriaris,
927 1908 960 1956 te
977 1897 1148 1979 plurimum
1166 1923 1225 1982 po-
1300 1887 1303 1892 ¹

89 1998 186 2059 tuisse
206 1997 246 2056 ad
266 1995 629 2070 discindendafoedera,
663 1996 702 2055 ad
720 1995 938 2056 inflammanda
958 1997 1055 2074 bella,
1086 1999 1127 2059 ad
1145 2011 1225 2060 stra-

89 2115 141 2178 ges
161 2095 325 2155 hominum
344 2095 529 2156 excitandas.
570 2097 634 2156 Ista
654 2090 785 2154 Satanae
803 2105 936 2176 potestas
958 2105 1021 2170 est,
1052 2115 1117 2158 non
1139 2097 1224 2158 Pon-

92 2195 196 2257 tifieis.
249 2196 316 2274 Qui
334 2194 450 2256 Christi
473 2195 626 2256 vicarium
645 2216 678 2254 se
699 2194 788 2268 iacit,
827 2215 899 2254 enm
924 2205 1046 2274 oportet
1070 2196 1110 2255 ad
1138 2197 1225 2258 illius

93 2296 254 2376 exemplar
274 2313 366 2374 qnam
386 2297 529 2376 proxime
548 2295 702 2354 accedere.
762 2295 818 2353 Est
842 2293 885 2355 in.
907 2295 963 2354 illo
990 2304 1108 2354 summa
1135 2307 1226 2377 pote·-

87 2407 165 2470 stas,
189 2396 244 2456 sed
262 2415 334 2455 oum
354 2415 472 2456 summa
493 2396 629 2458 bonitate
649 2392 825 2473 conjuncte:
853 2406 899 2453 est
924 2413 1041 2455 summa
1054 2395 1226 2476 supientia,

86 2494 143 2555 aed
165 2495 399 2576 simplicissima.
439 2497 477 2560 In
496 2505 527 2556 te
547 2493 703 2576 potestatis
724 2493 889 2574 imaginem
909 2496 1017 2570 uideo,
1050 2515 1121 2556 oum
1140 2517 1226 2556 eom-

88 2611 140 2654 ma
167 2594 285 2655 malitie
307 2614 486 2675 summaque
513 2593 644 2656 stultitia
671 2592 851 2674 copulatam.
913 2594 1053 2672 Quodsi
1073 2597 1224 2658 malorum
1311 2628 1316 2635 ·

83 2689 251 2776 princeps,
272 2693 440 2769 Diabolus,
461 2692 614 2757 vicarium
642 2691 703 2751 sibi
723 2692 827 2773 cupiet
845 2693 1027 2776 subrogare:
1054 2715 1146 2775 quem
1165 2691 1245 2778 po-'

85 2797 151 2854 tius
174 2792 316 2867 asciseat,
345 2814 439 2874 quam
460 2794 507 2854 tui
527 2791 681 2854 simileml
722 2792 799 2866 Die,
823 2793 878 2871 uhi
897 2794 1003 2856 virum
1022 2797 1225 2876 apostolicum

84 2892 214 2974 egeris?
246 2891 319 2952 lul.
340 2895 427 2972 Quid
449 2894 545 2975 magis
564 2891 776 2974 apostolieum,
796 2911 887 2972 quam
907 2913 1021 2975 augere
1042 2889 1224 2958 Christiee-

86 2991 239 3054 elesiami
261 2995 332 3053 Pet.
343 2993 439 3074 Atqui
452 2993 486 3053 vsi
508 2993 636 3060 eeclesia
646 3005 690 3052 est
698 2992 831 3074 populus
841 2993 1039 3071 christianus,
1060 2994 1223 3077 perches»

87 3092 295 3174 suspiritum
320 3092 570 3172 conglutinatus.
595 3093 782 3154 subvertisse
810 3091 889 3152 mihi
916 3095 1032 3157 viderie
1053 3098 1222 3171 eeclesiam,

85 3193 144 3274 qui
166 3193 272 3252 orbem
293 3192 474 3254 universnm
492 3192 532 3252 ad
554 3193 711 3254 teterrima
734 3192 814 3251 helle
837 3192 1010 3265 concitaris,
1032 3215 1092 3276 quo
1109 3208 1143 3255 tu
1161 3198 1221 3257 im-

85 3311 174 3374 pune
192 3292 293 3354 ‘melus
312 3301 344 3352 et
363 3291 510 3372 pestilens
529 3312 617 3352 esses.
659 3293 723 3352 Iul.
743 3292 808 3352 Nos
827 3293 985 3352 ecelesiam
1006 3313 1150 3355 vocamus
1172 3318 1240 3357 sn-x

86 3383 157 3451 er'as
175 3391 275 3464 aedes,
295 3391 483 3464 secerdotes,
506 3392 716 3472 aepraecipue
731 3390 849 3450 curiam
868 3383 1039 3470 romanam
1059 3395 1223 3474 meiupri*

86 3491 161 3565 mis,
180 3487 235 3571 qui
257 3499 350 3570 caput
368 3507 436 3550 sum
459 3491 612 3550 eeclesiae.
665 3495 736 3550 Pet.
759 3493 801 3549 At
822 3488 962 3553 Christus
989 3511 1046 3552 nos
1063 3492 1219 3562 ministros

86 3591 179 3663 fecit,
214 3609 250 3649 so
268 3599 376 3668 caput:
409 3589 471 3648 nisi
499 3609 594 3667 nune
609 3591 778 3650 secundum
799 3601 891 3675 ceput
918 3591 1095 3652 accreverit.
1158 3593 1220 3652 Sed

84 3689 200 3770 quibus
212 3689 337 3748 tandem
358 3698 446 3748 aucta
466 3697 512 3747 est
532 3689 681 3748 eeclesia?
738 3689 802 3748 Iul.
823 3689 916 3750 Nunc
935 3691 975 3750 ad
999 3711 1066 3750 rem
1078 3690 1219 3764 accedis:

86 3789 191 3869 itaque
211 3789 319 3856 diuam.
361 3788 420 3848 Ille
441 3789 516 3848 olim
536 3788 677 3848 famelica
702 3797 732 3847 et
752 3808 871 3869 pauper
890 3789 1018 3850 ecelesia
1038 3811 1123 3850 niuno
1141 3791 1218 3850 adeo

85 3889 178 3950 floret
197 3888 385 3950 ornamentis
401 3889 558 3948 omuibus.
620 3892 690 3949 Pet.
712 3887 852 3964 Quibus?
883 3889 994 3948 ardore
1013 3889 1111 3948 fidei?
1152 3891 1234 3949 lul·

85 3988 223 4050 Rursum
242 3989 376 4069 ungaris.
426 3993 495 4049 Pet.
530 3988 622 4047 Sacra
642 3985 804 4048 doctrina?
851 3988 916 4048 Jat.
941 3987 1112 4048 Obtundis.
1146 3992 1217 4049 Pet.
1256 3981 1258 3987 ’

84 4083 272 4171 Contempta
286 4089 416 4150 mundil
457 4089 521 4148 Iul.
543 4087 620 4146 Sine
638 4105 688 4148 ure
707 4085 821 4147 dicore.
866 4085 959 4147 Veris
978 4085 1105 4167 inquam
1123 4106 1219 4148 orna-

85 4190 214 4264 mentis,
234 4207 307 4248 num
328 4189 421 4250 istaes
441 4189 536 4250 verba
554 4195 635 4246 suut.
676 4189 747 4246 Pae.
766 4182 890 4262 Quibus
901 4185 1018 4265 igitur-l
1041 4189 1105 4246 Iul.
1125 4187 1217 4247 Pala-

84 4287 325 4372 mauguinus,
359 4287 447 4370 equis
467 4299 497 4354 et
515 4285 613 4363 molis
629 4283 865 4370 pulcherrimis,
891 4283 1048 4348 famulitio
1067 4288 1218 4370 frequen-

690 4381 700 4394 ”
943 4383 1009 4448 29*
