2846 4716
207 346 270 441 seo
529 379 1036 442 PHILALMHIS.

210 551 274 616 quo
293 540 384 614 pecto
404 551 463 596 rex
482 533 549 617 ipse
578 536 736 612 rescierit,
748 537 779 596 'a
800 535 877 598 meis
896 535 1038 618 proditus
1064 553 1128 594 uon
1147 551 1237 605 sums
1258 538 1341 589 “³¹⁰

210 633 294 708 seio,
325 634 448 712 quando
470 646 593 717 praeter
621 624 721 698 unum
744 647 797 698 aut
817 638 969 709 alterum,
1003 648 1038 693 ae
1058 652 1110 692 eos
1130 632 1211 691 mibi
1230 627 1343 688 fidissi·
1416 635 1417 680 l

212 753 297 807 mos,
318 734 394 813 quid
413 736 529 814 egerim
550 757 623 818 ego,
663 735 753 798 norit
773 755 883 796 nemo:
914 734 992 809 nisi,
1013 741 1162 813 quantum
1185 729 1343 810 exipsius

212 831 296 922 repis
317 833 511 896 accusatione
531 836 692 918 intelligo,
733 835 839 895 literas
858 853 971 896 vereor
999 827 1199 911 interceptae:
1238 829 1344 888 scribit
1416 827 1417 886 l

215 932 317 1006 enim,
342 941 437 995 totam
458 953 611 996 sorerem
639 936 736 996 bostis
755 935 804 995 sui
825 933 923 994 literis
944 933 1161 1014 probaturum,
1205 929 1241 988 id
1262 927 1345 1008 quod
1416 919 1417 938 ¹

213 1029 357 1114 profecto
377 1033 461 1093 curis
481 1034 609 1096 anxium
629 1036 802 1096 redditore
817 1033 1004 1094 -sdmodums
1031 1051 1087 1092 nee
1107 1031 1187 1104 scio,
1212 1022 1278 1108 quo'
1299 1045 1346 1084 me
1416 1017 1417 1024 '

214 1139 305 1220 pacto
325 1129 384 1192 bac
402 1133 493 1192 turba
514 1133 674 1206 evolvam,
696 1132 764 1194 nisi
786 1135 870 1214 quod
897 1143 1004 1194 contra
1024 1131 1129 1192 omnis
1149 1148 1185 1188 ea
1209 1125 1345 1186 obstina-

216 1227 335 1295 tissima
354 1231 519 1312 negatione
540 1232 619 1292 mibi
640 1247 798 1314 opus-est,
820 1252 879 1315 qua
899 1233 1000 1293 adhuc
1019 1242 1136 1292 tanturn
1158 1227 1346 1310 profeciat

216 1345 282 1398 sion
303 1329 405 1388 solum
425 1328 595 1392 vindictam
623 1333 834 1394 non‘timeaus
850 1331 1061 1412 'pontificiam‚
1088 1347 1200 1390 rerum
1225 1347 1346 1408 sperem

216 1425 321 1501 etiam,
341 1427 472 1490 fratrem
499 1449 549 1490 me
575 1451 676 1512 posse*
691 1434 847 1514 captivum
873 1452 913 1490 ex
937 1432 1019 1512 regis
1041 1431 1181 1490 manibus
1202 1426 1347 1498 liberare,

217 1533 328 1604 agente
350 1529 533 1592 nouaclum
554 1529 716 1610 pontifice,
743 1549 852 1596 verum
871 1531 920 1591 his
941 1531 1033 1591 etiarn
1054 1529 1166 1590 ticinis
1192 1527 1348 1608 principi-

216 1623 285 1688 bus.
325 1623 406 1686 Nam
427 1644 521 1705 quum
540 1628 630 1709 jussit
648 1631 792 1712 pontifex
819 1631 938 1694 Daniae
965 1649 1061 1708 regno
1081 1629 1209 1689 vicinos
1226 1627 1347 1706 episeo-

218 1741 286 1814 pus,
305 1723 469 1794 veritatem
488 1727 564 1788 fecti
586 1729 765 1810 diligentius
786 1731 982 1812 investigare,
1004 1729 1038 1788 id
1050 1746 1106 1810 ego
1127 1738 1159 1788 et
1177 1728 1285 1809 pretio
1320 1734 1349 1787 et
1417 1723 1418 1792 f

218 1822 364 1911 precibus
389 1825 563 1906 perieulum
592 1829 705 1890 leviter
724 1829 900 1894 discutiams
941 1828 1077 1888 maxime
1104 1827 1221 1903 ctiam,¹
1251 1826 1281 1888 si
1301 1845 1349 1884 me

219 1918 273 1990 llic
299 1922 491 2004 aliquamdiu
516 1927 716 2000 continuere,
756 1929 854 1988 donee
880 1927 1003 1990 tandem
1033 1927 1126 1986 etiam
1154 1941 1223 1988 sua'
1240 1935 1349 2008 sponte
1415 1973 1418 1988 i

220 2039 281 2092 rex
313 2025 520 2102 conticescat,
560 2027 645 2108 quod
675 2043 732 2094 nse*
760 2027 858 2108 aliqui
893 2027 987 2089 etiam
1014 2035 1211 2088 *meruerunt
1238 2027 1347 2086 amici.
1417 2045 1418 2052 ¹

220 2119 361 2201 Adeptus
382 2133 485 2187 umen
504 2135 535 2201 et
554 2127 588 2188 id
606 2127 732 2192 iuterim
745 2145 829 2202 sum,
850 2126 1055 2210 adjutantibus
1067 2126 1202 2188 fideliter
1218 2127 1350 2187 Floren-

221 2219 314 2296 tinis,
335 2243 396 2302 quo
417 2224 523 2288 hicet
541 2227 670 2288 honeste
692 2227 924 2308 agere'raleam
971 2237 1018 2288 et·
1036 2227 1200 2308 peeunirm
1221 2229 1350 2308 iusuper

221 2319 388 2384 corradere
407 2343 471 2388 roe
492 2327 775 2404 contemnendam„
801 2335 844 2390 'at
871 2325 950 2388 mibi
970 2327 1095 2388 eaedem
1114 2313 1258 2388 redditae
1281 2328 1350 2401 sint,

222 2438 299 2500 quas
319 2421 396 2482 olins
416 2423 468 2483 hio
488 2425 594 2502 habui,
615 2425 790 2503 secuturae
821 2440 864 2488 'se
877 2426 983 2508 plures
1025 2435 1056 2487 et
1079 2425 1219 2506 fsnajorss
1240 2427 1352 2488 etiams

222 2517 335 2599 quibus
355 2529 459 2583 tamen
475 2523 568 2605 bujus
589 2527 725 2612 episcopi
746 2525 944 2600 consultores,
964 2526 1103 2608 maligno
1122 2525 1237 2608 'spirito
1258 2527 1353 2586 indu·

225 2619 298 2693 rati,
326 2621 374 2681 uti
399 2642 451 2690 me
470 2623 695 2708 archiepiscopi
721 2626 850 2688 nomine
868 2635 1059 2700 *vetuerunh
1075 2625 1123 2685 'in
1143 2621 1304 2705 'injuriam
1327 2635 1354 2686 et

224 2726 438 2800 contemptum
457 2738 667 2792 sacrosanctae
686 2727 767 2788 sedis
787 2725 989 2809 apostolicae:
1011 2711 1206 2800 dictitantes,
1227 2727 1354 2787 fraudes

225 2837 294 2880 esse
328 2827 361 2882 et
388 2819 590 2902 imposturas,
618 2825 767 2908 quicquid
786 2843 860 2908 agos
876 2825 1034 2906 'nihilque
1054 2824 1274 2888 aliudeonari
1294 2847 1352 2902 me,

224 2935 330 2998 qaam,
351 2927 509 3002 utcunque
523 2925 657 3006 deceptis
673 2925 848 3004 Germanis,
862 2924 1057 3009 sospecunia
1072 2927 1256 3008 despoliare,
1276 2947 1354 2988 ven·

227 3014 303 3078 dens
324 3015 453 3081 honesta
480 3043 517 3086 ae
545 3023 713 3096 inhonesta»
731 3027 850 3091 omnia:
873 3043 914 3088 ao
929 3025 1025 3108 plura
1040 3021 1166 3100 tetiam,i
1181 3041 1284 3107 quam
1306 3025 1355 3102 sifi
1418 3039 1419 3104 1

175 3115 177 3119 ’
226 3132 303 3179 mon
322 3116 379 3184 ille
396 3123 518 3201 mogus,
552 3124 591 3186 sd
609 3126 695 3188 Petri
717 3128 811 3208 pedes
831 3125 964 3209 pecunia
985 3113 1108 3208 posita,¹
1131 3127 1201 3194 dari
1220 3127 1282 3187 eibi
1300 3147 1356 3207 pe-
1418 3131 1419 3150 ¹

225 3213 327 3281 cierat,
368 3219 472 3296 Quam
493 3222 606 3290 vellem
627 3236 731 3288 tamen
738 3268 748 3301 ‚
763 3236 806 3289 ‘et
825 3225 1010 3289 babereme
1030 3225 1086 3286 ills
1093 3255 1104 3300 1,
1145 3228 1356 3308 quae‘Petrus

219 3311 354 3384 ,habuits
372 3321 502 3398 gratiam
523 3321 670 3386 videlicet
689 3327 884 3407 linguarum,
908 3313 1038 3408 gratiani
1054 3309 1264 3396 'curationum
1271 3369 1280 3400 ‚
1310 3326 1357 3384 le·

225 3433 393 3502 protomus
416 3422 930 3490 mundationemretuscitstionem
947 3433 1154 3501 mortubrum,
1173 3425 1359 3506 prophetiae

219 3514 389 3612 spiritum,
409 3540 467 3601 per
486 3523 716 3606 impositionem
736 3545 886 3590 manuum
916 3526 1138 3593 immissionem
1167 3525 1267 3586 sancti
1294 3522 1357 3603 spi·

229 3613 326 3681 sitast
369 3617 515 3699 majorem
545 3624 686 3706 profecto
713 3621 871 3694 hiemini
903 3627 1043 3690 ibuctum
1072 3627 1224 3699 facerem,
1264 3643 1355 3704 quam

231 3713 309 3776 olim
328 3717 439 3784 Petrus
488 3723 664 3804 reliquique
696 3726 805 3787 rustici
830 3726 973 3792 iecerunt
993 3725 1141 3808 apostolis
1184 3723 1299 3804 quibus
1319 3721 1356 3783 ad

232 3814 428 3892 urraisida,
469 3823 552 3882 unde
570 3824 631 3888 sibi
652 3845 765 3905 operae
785 3829 921 3910 pretinm
941 3827 1045 3887 facere
1064 3823 1239 3909 potuissent
1258 3821 1355 3882 maxi-

231 3932 318 3980 mum
343 3938 379 3980 se
406 3919 571 3984 immensas
591 3943 771 4006 eomparsre
791 3927 933 4002 divitias,
954 3927 1047 3987 etiam
1067 3925 1283 4004 vietsmprope
1304 3920 1356 3980 de·

231 4011 314 4094 suits
338 4018 448 4096 quibus
471 4041 563 4101 quam
582 4026 752 4088 rectissime
764 4025 826 4086 dici
840 4025 942 4108 potuit
961 4023 1005 4100 id,
1035 4025 1119 4105 quod
1141 4008 1219 4083 elim
1239 4022 1273 4081 in
1294 4021 1355 4080 Pu-

232 4115 306 4178 sios
325 4115 409 4178 bello
439 4122 609 4192 Hannibali
640 4124 803 4187 Maharbal
831 4125 945 4186 diense
971 4125 1094 4186 fertura
1117 4122 1232 4198 „Non
1253 4119 1354 4181 omnis

234 4214 336 4276 eidem
357 4217 413 4276 Dii
435 4221 593 4301 dedere34‘
612 4224 740 4284 vincere
762 4226 937 4300 sciverunt,
981 4233 1012 4286 at
1031 4222 1162 4286 victoria
1182 4221 1229 4282 uti
1248 4229 1354 4301 potue·

235 4324 310 4376 runt
330 4316 467 4376 minime·
508 4323 572 4390 Jaar
594 4341 670 4388 vero
690 4343 761 4388 cum
782 4325 863 4392 nibil
885 4333 1008 4408 praeter
1038 4323 1198 4386 chartacea
1223 4340 1279 4400 ego
1310 4318 1354 4377 fe·
