<?xml version="1.0" encoding="UTF-8"?>
<!DOCTYPE html PUBLIC "-//W3C//DTD XHTML 1.0 Transitional//EN"
    "http://www.w3.org/TR/xhtml1/DTD/xhtml1-transitional.dtd">
<html xmlns="http://www.w3.org/1999/xhtml" xml:lang="en" lang="en">
 <head>
  <title>
</title>
<meta http-equiv="Content-Type" content="text/html;charset=utf-8" />
  <meta name='ocr-system' content='tesseract 3.04.00' />
  <meta name='ocr-capabilities' content='ocr_page ocr_carea ocr_par ocr_line ocrx_word'/>
</head>
<body>
  <div class='ocr_page' id='page_1' title='image "./ulrichiabhutten04mngoog_0141.png"; bbox 0 0 2872 4722; ppageno 0'>
   <div class='ocr_carea' id='block_1_1' title="bbox 399 349 1220 414">
    <p class='ocr_par' dir='ltr' id='par_1_1' title="bbox 399 349 1220 414">
     <span class='ocr_line' id='line_1_1' title="bbox 399 349 1220 414; baseline 0.005 -4"><span class='ocrx_word' id='word_1_1' title='bbox 399 349 929 411; x_wconf 68' lang='lat' dir='ltr'><strong>(sescunvlltoa.</strong></span> <span class='ocrx_word' id='word_1_2' title='bbox 1159 349 1220 414; x_wconf 73' lang='lat'><strong>127</strong></span> 
     </span>
    </p>
   </div>
   <div class='ocr_carea' id='block_1_2' title="bbox 97 502 1223 1076">
    <p class='ocr_par' dir='ltr' id='par_1_2' title="bbox 97 502 1223 1076">
     <span class='ocr_line' id='line_1_2' title="bbox 97 502 1223 586; baseline -0.004 -20"><span class='ocrx_word' id='word_1_3' title='bbox 97 503 228 566; x_wconf 83' lang='lat' dir='ltr'><strong>sendere</strong></span> <span class='ocrx_word' id='word_1_4' title='bbox 249 523 321 577; x_wconf 82' lang='lat' dir='ltr'><strong>vos,</strong></span> <span class='ocrx_word' id='word_1_5' title='bbox 360 503 443 583; x_wconf 90' lang='lat' dir='ltr'><strong>quod</strong></span> <span class='ocrx_word' id='word_1_6' title='bbox 464 502 604 566; x_wconf 85' lang='lat' dir='ltr'><strong>homines</strong></span> <span class='ocrx_word' id='word_1_7' title='bbox 622 516 750 586; x_wconf 84' lang='lat' dir='ltr'><strong>possunt</strong></span> <span class='ocrx_word' id='word_1_8' title='bbox 769 504 963 565; x_wconf 78' lang='lat' dir='ltr'><strong>laudabiliter</strong></span> <span class='ocrx_word' id='word_1_9' title='bbox 980 505 1088 566; x_wconf 76' lang='lat' dir='ltr'><strong>dicere¹</strong></span> <span class='ocrx_word' id='word_1_10' title='bbox 1103 505 1142 566; x_wconf 90' lang='lat' dir='ltr'><strong>dc</strong></span> <span class='ocrx_word' id='word_1_11' title='bbox 1163 527 1223 563; x_wconf 79' lang='lat' dir='ltr'><strong>vo·</strong></span> 
     </span>
     <span class='ocr_line' id='line_1_3' title="bbox 98 601 1220 680; baseline 0.002 -19"><span class='ocrx_word' id='word_1_12' title='bbox 98 602 160 676; x_wconf 89' lang='lat' dir='ltr'><strong>bis,</strong></span> <span class='ocrx_word' id='word_1_13' title='bbox 180 602 269 680; x_wconf 90' lang='lat' dir='ltr'><strong>quod</strong></span> <span class='ocrx_word' id='word_1_14' title='bbox 290 601 470 662; x_wconf 74' lang='lat' dir='ltr'>defendistis</span> <span class='ocrx_word' id='word_1_15' title='bbox 489 602 654 663; x_wconf 80' lang='lat' dir='ltr'><strong>Ecclesiam</strong></span> <span class='ocrx_word' id='word_1_16' title='bbox 676 613 706 663; x_wconf 90' lang='lat' dir='ltr'><strong>et</strong></span> <span class='ocrx_word' id='word_1_17' title='bbox 726 603 840 664; x_wconf 80' lang='lat' dir='ltr'><strong>famam</strong></span> <span class='ocrx_word' id='word_1_18' title='bbox 855 612 1001 663; x_wconf 27' lang='lat' dir='ltr'><strong>*vestram</strong></span> <span class='ocrx_word' id='word_1_19' title='bbox 1041 604 1108 664; x_wconf 90' lang='lat' dir='ltr'><strong>Nec</strong></span> <span class='ocrx_word' id='word_1_20' title='bbox 1126 605 1220 664; x_wconf 87' lang='lat' dir='ltr'><strong>debc-</strong></span> 
     </span>
     <span class='ocr_line' id='line_1_4' title="bbox 97 693 1221 781; baseline 0.003 -23"><span class='ocrx_word' id='word_1_21' title='bbox 97 701 135 758; x_wconf 88' lang='lat' dir='ltr'><strong>tis</strong></span> <span class='ocrx_word' id='word_1_22' title='bbox 156 694 315 779; x_wconf 75' lang='lat' dir='ltr'><strong>ie&#39;spicc&#39;rc</strong></span> <span class='ocrx_word' id='word_1_23' title='bbox 326 700 485 780; x_wconf 83' lang='lat' dir='ltr'><strong>aliquem,</strong></span> <span class='ocrx_word' id='word_1_24' title='bbox 508 700 630 762; x_wconf 85' lang='lat' dir='ltr'><strong>etiamsi</strong></span> <span class='ocrx_word' id='word_1_25' title='bbox 646 702 729 778; x_wconf 81' lang='lat' dir='ltr'><strong>Papa</strong></span> <span class='ocrx_word' id='word_1_26' title='bbox 745 702 840 763; x_wconf 74' lang='lat' dir='ltr'><strong>vellet</strong></span> <span class='ocrx_word' id='word_1_27' title='bbox 857 693 1039 781; x_wconf 82' lang='lat' dir='ltr'><strong>prohibere,</strong></span> <span class='ocrx_word' id='word_1_28' title='bbox 1068 703 1140 781; x_wconf 86' lang='lat' dir='ltr'><strong>quia</strong></span> <span class='ocrx_word' id='word_1_29' title='bbox 1156 704 1221 762; x_wconf 63' lang='lat' dir='ltr'><strong>&#39;Ec-</strong></span> 
     </span>
     <span class='ocr_line' id='line_1_5' title="bbox 97 784 1220 881; baseline 0.004 -25"><span class='ocrx_word' id='word_1_30' title='bbox 97 797 190 857; x_wconf 83' lang='lat' dir='ltr'><strong>clesia</strong></span> <span class='ocrx_word' id='word_1_31' title='bbox 225 809 272 858; x_wconf 86' lang='lat' dir='ltr'><strong>est</strong></span> <span class='ocrx_word' id='word_1_32' title='bbox 303 819 397 881; x_wconf 88' lang='lat' dir='ltr'><strong>super</strong></span> <span class='ocrx_word' id='word_1_33' title='bbox 425 800 548 879; x_wconf 86' lang='lat' dir='ltr'><strong>Papam.</strong></span> <span class='ocrx_word' id='word_1_34' title='bbox 607 799 648 859; x_wconf 79' lang='lat' dir='ltr'><strong>Et</strong></span> <span class='ocrx_word' id='word_1_35' title='bbox 674 797 805 861; x_wconf 68' lang='lat' dir='ltr'><strong>debetisl</strong></span> <span class='ocrx_word' id='word_1_36' title='bbox 819 812 883 860; x_wconf 86' lang='lat' dir='ltr'><strong>nre.</strong></span> <span class='ocrx_word' id='word_1_37' title='bbox 900 784 1012 860; x_wconf 79' lang='lat' dir='ltr'><strong>habere</strong></span> <span class='ocrx_word' id='word_1_38' title='bbox 1033 813 1220 871; x_wconf 83' lang='lat' dir='ltr'><strong>excusatum,</strong></span> 
     </span>
     <span class='ocr_line' id='line_1_6' title="bbox 97 897 1220 979; baseline 0.004 -23"><span class='ocrx_word' id='word_1_39' title='bbox 97 897 186 976; x_wconf 77' lang='lat' dir='ltr'><strong>quod’</strong></span> <span class='ocrx_word' id='word_1_40' title='bbox 203 917 318 958; x_wconf 89' lang='lat' dir='ltr'><strong>moneo</strong></span> <span class='ocrx_word' id='word_1_41' title='bbox 337 918 410 972; x_wconf 86' lang='lat' dir='ltr'><strong>vos,</strong></span> <span class='ocrx_word' id='word_1_42' title='bbox 432 898 505 978; x_wconf 84' lang='lat' dir='ltr'><strong>quia</strong></span> <span class='ocrx_word' id='word_1_43' title='bbox 526 916 580 958; x_wconf 85' lang='lat' dir='ltr'><strong>vos</strong></span> <span class='ocrx_word' id='word_1_44' title='bbox 598 917 685 972; x_wconf 85' lang='lat' dir='ltr'><strong>amo,</strong></span> <span class='ocrx_word' id='word_1_45' title='bbox 713 908 743 958; x_wconf 88' lang='lat' dir='ltr'><strong>et</strong></span> <span class='ocrx_word' id='word_1_46' title='bbox 757 907 791 958; x_wconf 88' lang='lat' dir='ltr'><strong>tu</strong></span> <span class='ocrx_word' id='word_1_47' title='bbox 805 897 864 956; x_wconf 91' lang='lat' dir='ltr'><strong>scis</strong></span> <span class='ocrx_word' id='word_1_48' title='bbox 878 898 1029 976; x_wconf 87' lang='lat' dir='ltr'><strong>Domine,</strong></span> <span class='ocrx_word' id='word_1_49' title='bbox 1052 900 1135 979; x_wconf 88' lang='lat' dir='ltr'><strong>quod</strong></span> <span class='ocrx_word' id='word_1_50' title='bbox 1150 921 1220 960; x_wconf 88' lang='lat' dir='ltr'><strong>amo</strong></span> 
     </span>
     <span class='ocr_line' id='line_1_7' title="bbox 97 993 1134 1076; baseline 0 -21"><span class='ocrx_word' id='word_1_51' title='bbox 97 1007 135 1056; x_wconf 87' lang='lat' dir='ltr'><strong>te.</strong></span> <span class='ocrx_word' id='word_1_52' title='bbox 176 997 337 1057; x_wconf 84' lang='lat' dir='ltr'><strong>Valeteiu</strong></span> <span class='ocrx_word' id='word_1_53' title='bbox 350 996 534 1058; x_wconf 79' lang='lat' dir='ltr'><strong>fortitudine</strong></span> <span class='ocrx_word' id='word_1_54' title='bbox 548 995 685 1076; x_wconf 88' lang='lat' dir='ltr'><strong>corporis</strong></span> <span class='ocrx_word' id='word_1_55' title='bbox 701 995 869 1056; x_wconf 85' lang='lat' dir='ltr'><strong>et·snimi.&#39;</strong></span> <span class='ocrx_word' id='word_1_56' title='bbox 922 1003 925 1017; x_wconf 89' lang='lat'>&#39;</span> <span class='ocrx_word' id='word_1_57' title='bbox 1132 993 1134 1000; x_wconf 55' lang='lat'><strong><em>⁴</em></strong></span> 
     </span>
    </p>
   </div>
   <div class='ocr_carea' id='block_1_3' title="bbox 97 1161 1221 1613">
    <p class='ocr_par' dir='ltr' id='par_1_3' title="bbox 97 1161 1221 1613">
     <span class='ocr_line' id='line_1_8' title="bbox 97 1161 1219 1248; baseline 0 -26"><span class='ocrx_word' id='word_1_58' title='bbox 97 1161 356 1248; x_wconf 78' lang='lat' dir='ltr'><strong>Profirndissimo</strong></span> <span class='ocrx_word' id='word_1_59' title='bbox 377 1182 492 1220; x_wconf 83' lang='lat' dir='ltr'><strong>necnon</strong></span> <span class='ocrx_word' id='word_1_60' title='bbox 510 1161 782 1225; x_wconf 80' lang='lat' dir='ltr'><strong>Illuminatissinao</strong></span> <span class='ocrx_word' id='word_1_61' title='bbox 804 1164 963 1241; x_wconf 81' lang='lat' dir='ltr'><strong>Magistro</strong></span> <span class='ocrx_word' id='word_1_62' title='bbox 986 1163 1118 1224; x_wconf 80' lang='lat' dir='ltr'><strong>Ortuino</strong></span> <span class='ocrx_word' id='word_1_63' title='bbox 1137 1166 1219 1224; x_wconf 85' lang='lat' dir='ltr'><strong>Gra-</strong></span> 
     </span>
     <span class='ocr_line' id='line_1_9' title="bbox 97 1259 1221 1340; baseline 0.007 -24"><span class='ocrx_word' id='word_1_64' title='bbox 97 1264 163 1332; x_wconf 64' lang='lat' dir='ltr'><strong>tio,⁴</strong></span> <span class='ocrx_word' id='word_1_65' title='bbox 208 1260 374 1337; x_wconf 79' lang='lat' dir='ltr'><strong>Tlreologo‚</strong></span> <span class='ocrx_word' id='word_1_66' title='bbox 418 1263 535 1318; x_wconf 84' lang='lat' dir='ltr'><em>Poetae</em></span> <span class='ocrx_word' id='word_1_67' title='bbox 561 1271 590 1318; x_wconf 84' lang='lat' dir='ltr'><strong>et</strong></span> <span class='ocrx_word' id='word_1_68' title='bbox 623 1259 750 1340; x_wconf 69' lang='lat' dir='ltr'><strong>Oratori</strong></span> <span class='ocrx_word' id='word_1_69' title='bbox 779 1263 813 1318; x_wconf 84' lang='lat' dir='ltr'><strong>in</strong></span> <span class='ocrx_word' id='word_1_70' title='bbox 839 1263 983 1335; x_wconf 86' lang='lat' dir='ltr'><strong>Colonia,</strong></span> <span class='ocrx_word' id='word_1_71' title='bbox 1019 1265 1154 1330; x_wconf 84' lang='lat' dir='ltr'><strong>Domino</strong></span> <span class='ocrx_word' id='word_1_72' title='bbox 1183 1286 1221 1324; x_wconf 82' lang='lat' dir='ltr'><strong>ae</strong></span> 
     </span>
     <span class='ocr_line' id='line_1_10' title="bbox 139 1356 1178 1434; baseline 0.004 -17"><span class='ocrx_word' id='word_1_73' title='bbox 139 1361 344 1434; x_wconf 81' lang='lat' dir='ltr'><strong>Praeceptori</strong></span> <span class='ocrx_word' id='word_1_74' title='bbox 364 1377 421 1414; x_wconf 85' lang='lat' dir='ltr'><strong>suo</strong></span> <span class='ocrx_word' id='word_1_75' title='bbox 438 1356 732 1426; x_wconf 75' lang='lat' dir='ltr'><strong>observandissinm,</strong></span> <span class='ocrx_word' id='word_1_76' title='bbox 759 1361 893 1418; x_wconf 81' lang='lat' dir='ltr'><strong>Ioannes</strong></span> <span class='ocrx_word' id='word_1_77' title='bbox 913 1359 1178 1433; x_wconf 79' lang='lat' dir='ltr'><strong>Schnorlaoltzs&#39;us,</strong></span> 
     </span>
     <span class='ocr_line' id='line_1_11' title="bbox 238 1454 1089 1530; baseline 0.001 -15"><span class='ocrx_word' id='word_1_78' title='bbox 238 1477 306 1515; x_wconf 80' lang='lat' dir='ltr'><strong>moe</strong></span> <span class='ocrx_word' id='word_1_79' title='bbox 327 1454 542 1530; x_wconf 81' lang='lat' dir='ltr'><strong>Licentiatus,</strong></span> <span class='ocrx_word' id='word_1_80' title='bbox 572 1456 752 1516; x_wconf 82' lang='lat' dir='ltr'><strong>humillimo</strong></span> <span class='ocrx_word' id='word_1_81' title='bbox 771 1457 1026 1518; x_wconf 77' lang='lat' dir='ltr'><em>commendatione</em></span> <span class='ocrx_word' id='word_1_82' title='bbox 1044 1457 1089 1516; x_wconf 87' lang='lat' dir='ltr'><strong>od</strong></span> 
     </span>
     <span class='ocr_line' id='line_1_12' title="bbox 585 1553 740 1613; baseline 0.006 -1"><span class='ocrx_word' id='word_1_83' title='bbox 585 1553 740 1613; x_wconf 76' lang='lat' dir='ltr'><strong>merloto.</strong></span> 
     </span>
    </p>
   </div>
   <div class='ocr_carea' id='block_1_4' title="bbox 94 1688 1245 3141">
    <p class='ocr_par' dir='ltr' id='par_1_4' title="bbox 94 1688 1245 3141">
     <span class='ocr_line' id='line_1_13' title="bbox 180 1688 1219 1778; baseline -0.001 -25"><span class='ocrx_word' id='word_1_84' title='bbox 180 1688 426 1778; x_wconf 60' lang='lat' dir='ltr'><strong>eordiuistme,</strong></span> <span class='ocrx_word' id='word_1_85' title='bbox 463 1707 585 1774; x_wconf 86' lang='lat' dir='ltr'><strong>necnon</strong></span> <span class='ocrx_word' id='word_1_86' title='bbox 611 1689 850 1770; x_wconf 76' lang='lat' dir='ltr'><strong>profundissime</strong></span> <span class='ocrx_word' id='word_1_87' title='bbox 881 1692 925 1752; x_wconf 90' lang='lat' dir='ltr'><strong>M.</strong></span> <span class='ocrx_word' id='word_1_88' title='bbox 953 1689 1103 1752; x_wconf 88' lang='lat' dir='ltr'><strong>Ortuiuel</strong></span> <span class='ocrx_word' id='word_1_89' title='bbox 1144 1693 1219 1774; x_wconf 77' lang='lat' dir='ltr'><strong>Ego,</strong></span> 
     </span>
     <span class='ocr_line' id='line_1_14' title="bbox 97 1787 1221 1868; baseline 0.001 -17"><span class='ocrx_word' id='word_1_90' title='bbox 97 1793 236 1851; x_wconf 79' lang='lat' dir='ltr'><strong>loannes</strong></span> <span class='ocrx_word' id='word_1_91' title='bbox 254 1787 516 1863; x_wconf 80' lang='lat' dir='ltr'><strong>Schnsrholtzius,</strong></span> <span class='ocrx_word' id='word_1_92' title='bbox 542 1808 616 1847; x_wconf 84' lang='lat' dir='ltr'><strong>mox</strong></span> <span class='ocrx_word' id='word_1_93' title='bbox 634 1788 837 1850; x_wconf 80' lang='lat' dir='ltr'><strong>licentiandus</strong></span> <span class='ocrx_word' id='word_1_94' title='bbox 857 1790 892 1850; x_wconf 88' lang='lat' dir='ltr'><strong>in</strong></span> <span class='ocrx_word' id='word_1_95' title='bbox 914 1790 1099 1868; x_wconf 83' lang='lat' dir='ltr'><strong>Theologia,</strong></span> <span class='ocrx_word' id='word_1_96' title='bbox 1121 1791 1155 1850; x_wconf 92' lang='lat' dir='ltr'><strong>in</strong></span> <span class='ocrx_word' id='word_1_97' title='bbox 1175 1793 1221 1852; x_wconf 86' lang='lat' dir='ltr'><strong>al-</strong></span> 
     </span>
     <span class='ocr_line' id='line_1_15' title="bbox 96 1887 1221 1968; baseline 0.001 -19"><span class='ocrx_word' id='word_1_98' title='bbox 96 1911 153 1949; x_wconf 85' lang='lat' dir='ltr'><strong>ms</strong></span> <span class='ocrx_word' id='word_1_99' title='bbox 186 1888 385 1949; x_wconf 83' lang='lat' dir='ltr'><strong>Universitste</strong></span> <span class='ocrx_word' id='word_1_100' title='bbox 408 1888 586 1966; x_wconf 85' lang='lat' dir='ltr'><strong>Tubingen,</strong></span> <span class='ocrx_word' id='word_1_101' title='bbox 627 1887 740 1948; x_wconf 84' lang='lat' dir='ltr'><strong>vellem</strong></span> <span class='ocrx_word' id='word_1_102' title='bbox 766 1887 899 1948; x_wconf 82' lang='lat' dir='ltr'><strong>libenter</strong></span> <span class='ocrx_word' id='word_1_103' title='bbox 923 1889 1009 1968; x_wconf 89' lang='lat' dir='ltr'><strong>loqui</strong></span> <span class='ocrx_word' id='word_1_104' title='bbox 1029 1909 1099 1948; x_wconf 89' lang='lat' dir='ltr'><strong>cum</strong></span> <span class='ocrx_word' id='word_1_105' title='bbox 1120 1899 1221 1950; x_wconf 83' lang='lat' dir='ltr'><strong>vestra</strong></span> 
     </span>
     <span class='ocr_line' id='line_1_16' title="bbox 96 1985 1220 2069; baseline 0 -19"><span class='ocrx_word' id='word_1_106' title='bbox 96 1987 266 2069; x_wconf 69' lang='lat' dir='ltr'><strong>dignitate,</strong></span> <span class='ocrx_word' id='word_1_107' title='bbox 294 1988 347 2047; x_wconf 90' lang='lat' dir='ltr'><strong>sed</strong></span> <span class='ocrx_word' id='word_1_108' title='bbox 360 1986 473 2060; x_wconf 83' lang='lat' dir='ltr'><strong>timeo,</strong></span> <span class='ocrx_word' id='word_1_109' title='bbox 493 1985 575 2066; x_wconf 86' lang='lat' dir='ltr'><strong>quod</strong></span> <span class='ocrx_word' id='word_1_110' title='bbox 598 1995 642 2046; x_wconf 90' lang='lat' dir='ltr'><strong>est</strong></span> <span class='ocrx_word' id='word_1_111' title='bbox 661 1986 951 2061; x_wconf 83' lang='lat' dir='ltr'><strong>irreverentialitas‚</strong></span> <span class='ocrx_word' id='word_1_112' title='bbox 975 1987 1053 2068; x_wconf 86' lang='lat' dir='ltr'><strong>&#39;quia</strong></span> <span class='ocrx_word' id='word_1_113' title='bbox 1074 2008 1130 2050; x_wconf 82' lang='lat' dir='ltr'><strong>vos</strong></span> <span class='ocrx_word' id='word_1_114' title='bbox 1150 1991 1220 2050; x_wconf 88' lang='lat' dir='ltr'><strong>estis</strong></span> 
     </span>
     <span class='ocr_line' id='line_1_17' title="bbox 96 2085 1221 2168; baseline 0 -22"><span class='ocrx_word' id='word_1_115' title='bbox 96 2091 142 2147; x_wconf 90' lang='lat' dir='ltr'><strong>ita</strong></span> <span class='ocrx_word' id='word_1_116' title='bbox 163 2085 285 2158; x_wconf 87' lang='lat' dir='ltr'><strong>doctus,</strong></span> <span class='ocrx_word' id='word_1_117' title='bbox 314 2095 427 2146; x_wconf 86' lang='lat' dir='ltr'><strong>ettam</strong></span> <span class='ocrx_word' id='word_1_118' title='bbox 446 2103 572 2164; x_wconf 82' lang='lat' dir='ltr'><strong>mugnus</strong></span> <span class='ocrx_word' id='word_1_119' title='bbox 589 2085 792 2164; x_wconf 85' lang='lat' dir='ltr'><strong>reputationis</strong></span> <span class='ocrx_word' id='word_1_120' title='bbox 813 2085 848 2144; x_wconf 86' lang='lat' dir='ltr'><strong>in¹</strong></span> <span class='ocrx_word' id='word_1_121' title='bbox 866 2085 1013 2158; x_wconf 79' lang='lat' dir='ltr'><strong>Colonia,</strong></span> <span class='ocrx_word' id='word_1_122' title='bbox 1044 2087 1133 2168; x_wconf 88' lang='lat' dir='ltr'><strong>quod</strong></span> <span class='ocrx_word' id='word_1_123' title='bbox 1148 2089 1221 2150; x_wconf 87' lang='lat' dir='ltr'><strong>nul-</strong></span> 
     </span>
     <span class='ocr_line' id='line_1_18' title="bbox 97 2169 1221 2263; baseline -0.001 -18"><span class='ocrx_word' id='word_1_124' title='bbox 97 2187 146 2245; x_wconf 88' lang='lat' dir='ltr'><strong>lus</strong></span> <span class='ocrx_word' id='word_1_125' title='bbox 169 2185 259 2244; x_wconf 83' lang='lat' dir='ltr'><strong>debet</strong></span> <span class='ocrx_word' id='word_1_126' title='bbox 278 2183 469 2244; x_wconf 74' lang='lat' dir='ltr'><strong>adventrum</strong></span> <span class='ocrx_word' id='word_1_127' title='bbox 489 2169 667 2262; x_wconf 79' lang='lat' dir='ltr'><strong>dignitatem</strong></span> <span class='ocrx_word' id='word_1_128' title='bbox 683 2182 826 2242; x_wconf 78' lang='lat' dir='ltr'><strong>accedere</strong></span> <span class='ocrx_word' id='word_1_129' title='bbox 836 2195 845 2255; x_wconf 54' lang='grc' dir='ltr'><em>ᾗ</em></span> <span class='ocrx_word' id='word_1_130' title='bbox 881 2183 935 2262; x_wconf 91' lang='lat' dir='ltr'><strong>qui</strong></span> <span class='ocrx_word' id='word_1_131' title='bbox 956 2183 1047 2263; x_wconf 83' lang='lat' dir='ltr'><strong>prius&#39;</strong></span> <span class='ocrx_word' id='word_1_132' title='bbox 1060 2205 1123 2244; x_wconf 85' lang='lat' dir='ltr'><strong>nou</strong></span> <span class='ocrx_word' id='word_1_133' title='bbox 1142 2187 1221 2246; x_wconf 91' lang='lat' dir='ltr'><strong>beno</strong></span> 
     </span>
     <span class='ocr_line' id='line_1_19' title="bbox 97 2267 1222 2364; baseline 0 -22"><span class='ocrx_word' id='word_1_134' title='bbox 97 2283 248 2364; x_wconf 75' lang='lat' dir='ltr'><strong>praevidit</strong></span> <span class='ocrx_word' id='word_1_135' title='bbox 275 2301 326 2355; x_wconf 85' lang='lat' dir='ltr'><strong>se,</strong></span> <span class='ocrx_word' id='word_1_136' title='bbox 364 2281 437 2360; x_wconf 83' lang='lat' dir='ltr'><strong>quia</strong></span> <span class='ocrx_word' id='word_1_137' title='bbox 465 2282 613 2361; x_wconf 88' lang='lat' dir='ltr'><strong>scriptum</strong></span> <span class='ocrx_word' id='word_1_138' title='bbox 641 2291 702 2342; x_wconf 88' lang='lat' dir='ltr'><strong>est:</strong></span> <span class='ocrx_word' id='word_1_139' title='bbox 743 2281 891 2353; x_wconf 86' lang='lat' dir='ltr'><strong>„Amice,</strong></span> <span class='ocrx_word' id='word_1_140' title='bbox 912 2267 1067 2362; x_wconf 48' lang='lat' dir='ltr'><strong>adorando</strong></span> <span class='ocrx_word' id='word_1_141' title='bbox 1088 2282 1150 2342; x_wconf 89' lang='lat' dir='ltr'><strong>huc</strong></span> <span class='ocrx_word' id='word_1_142' title='bbox 1169 2284 1222 2344; x_wconf 84' lang='lat' dir='ltr'><strong>in·</strong></span> 
     </span>
     <span class='ocr_line' id='line_1_20' title="bbox 97 2376 1220 2466; baseline -0.004 -22"><span class='ocrx_word' id='word_1_143' title='bbox 97 2383 203 2456; x_wconf 68' lang='lat' dir='ltr'><strong>neti,</strong></span> <span class='ocrx_word' id='word_1_144' title='bbox 239 2401 305 2441; x_wconf 90' lang='lat' dir='ltr'><strong>non</strong></span> <span class='ocrx_word' id='word_1_145' title='bbox 324 2379 584 2441; x_wconf 63' lang='lat' dir='ltr'><strong>hebens&#39;vestem</strong></span> <span class='ocrx_word' id='word_1_146' title='bbox 606 2376 827 2459; x_wconf 70' lang='lat' dir='ltr'><strong>nuptialeml“</strong></span> <span class='ocrx_word' id='word_1_147' title='bbox 867 2378 929 2439; x_wconf 86' lang='lat' dir='ltr'><strong>Sed</strong></span> <span class='ocrx_word' id='word_1_148' title='bbox 950 2399 1005 2466; x_wconf 80' lang='lat' dir='ltr'><strong>vos</strong></span> <span class='ocrx_word' id='word_1_149' title='bbox 1026 2379 1095 2438; x_wconf 88' lang='lat' dir='ltr'><strong>estis</strong></span> <span class='ocrx_word' id='word_1_150' title='bbox 1115 2379 1220 2439; x_wconf 90' lang='lat' dir='ltr'><strong>humi-</strong></span> 
     </span>
     <span class='ocr_line' id='line_1_21' title="bbox 96 2474 1245 2557; baseline -0.003 -16"><span class='ocrx_word' id='word_1_151' title='bbox 96 2481 152 2556; x_wconf 89' lang='lat' dir='ltr'><strong>lis,</strong></span> <span class='ocrx_word' id='word_1_152' title='bbox 196 2478 346 2539; x_wconf 78' lang='lat' dir='ltr'><strong>et‘scitis&#39;</strong></span> <span class='ocrx_word' id='word_1_153' title='bbox 361 2497 416 2539; x_wconf 85' lang='lat' dir='ltr'><strong>vos</strong></span> <span class='ocrx_word' id='word_1_154' title='bbox 435 2477 618 2538; x_wconf 86' lang='lat' dir='ltr'><strong>humiliare:</strong></span> <span class='ocrx_word' id='word_1_155' title='bbox 658 2474 827 2536; x_wconf 89' lang='lat' dir='ltr'><strong>secuudum</strong></span> <span class='ocrx_word' id='word_1_156' title='bbox 847 2476 930 2554; x_wconf 90' lang='lat' dir='ltr'><strong>quod</strong></span> <span class='ocrx_word' id='word_1_157' title='bbox 951 2476 1026 2548; x_wconf 91' lang='lat' dir='ltr'><strong>dicit</strong></span> <span class='ocrx_word' id='word_1_158' title='bbox 1046 2477 1245 2557; x_wconf 75' lang='lat' dir='ltr'><strong>Scriptnrez&#39;</strong></span> 
     </span>
     <span class='ocr_line' id='line_1_22' title="bbox 95 2572 1219 2658; baseline -0.003 -20"><span class='ocrx_word' id='word_1_159' title='bbox 95 2578 188 2658; x_wconf 87' lang='lat' dir='ltr'><strong>„Qui</strong></span> <span class='ocrx_word' id='word_1_160' title='bbox 209 2575 633 2652; x_wconf 63' lang='lat' dir='ltr'><strong>se‘humiliet,&#39;exaltubitur,</strong></span> <span class='ocrx_word' id='word_1_161' title='bbox 655 2572 759 2653; x_wconf 82' lang='lat' dir='ltr'><strong>etqui</strong></span> <span class='ocrx_word' id='word_1_162' title='bbox 779 2593 811 2633; x_wconf 90' lang='lat' dir='ltr'><strong>se</strong></span> <span class='ocrx_word' id='word_1_163' title='bbox 833 2573 955 2648; x_wconf 83' lang='lat' dir='ltr'><strong>exaltat,</strong></span> <span class='ocrx_word' id='word_1_164' title='bbox 976 2574 1219 2635; x_wconf 83' lang='lat' dir='ltr'><strong>humiliabitur.“</strong></span> 
     </span>
     <span class='ocr_line' id='line_1_23' title="bbox 94 2669 1221 2756; baseline -0.003 -17"><span class='ocrx_word' id='word_1_165' title='bbox 94 2679 173 2739; x_wconf 87' lang='lat' dir='ltr'><strong>Ideo</strong></span> <span class='ocrx_word' id='word_1_166' title='bbox 188 2677 266 2737; x_wconf 77' lang='lat' dir='ltr'><strong>volo</strong></span> <span class='ocrx_word' id='word_1_167' title='bbox 279 2675 433 2756; x_wconf 84' lang='lat' dir='ltr'><strong>deponere</strong></span> <span class='ocrx_word' id='word_1_168' title='bbox 450 2674 619 2755; x_wconf 86' lang='lat' dir='ltr'><strong>pudorem,</strong></span> <span class='ocrx_word' id='word_1_169' title='bbox 655 2683 686 2734; x_wconf 90' lang='lat' dir='ltr'><strong>et</strong></span> <span class='ocrx_word' id='word_1_170' title='bbox 710 2691 781 2732; x_wconf 89' lang='lat' dir='ltr'><strong>cum</strong></span> <span class='ocrx_word' id='word_1_171' title='bbox 806 2672 1016 2733; x_wconf 80' lang='lat' dir='ltr'><strong>dominatione</strong></span> <span class='ocrx_word' id='word_1_172' title='bbox 1028 2669 1145 2735; x_wconf 60' lang='lat' dir='ltr'><strong>svestra</strong></span> <span class='ocrx_word' id='word_1_173' title='bbox 1163 2696 1221 2736; x_wconf 91' lang='lat' dir='ltr'><strong>au-</strong></span> 
     </span>
     <span class='ocr_line' id='line_1_24' title="bbox 96 2771 1221 2854; baseline -0.004 -16"><span class='ocrx_word' id='word_1_174' title='bbox 96 2775 202 2839; x_wconf 79' lang='lat' dir='ltr'><strong>dacter</strong></span> <span class='ocrx_word' id='word_1_175' title='bbox 224 2775 327 2854; x_wconf 84' lang='lat' dir='ltr'><strong>loqui,</strong></span> <span class='ocrx_word' id='word_1_176' title='bbox 354 2774 408 2834; x_wconf 90' lang='lat' dir='ltr'><strong>sed</strong></span> <span class='ocrx_word' id='word_1_177' title='bbox 429 2784 548 2847; x_wconf 86' lang='lat' dir='ltr'><strong>temen,</strong></span> <span class='ocrx_word' id='word_1_178' title='bbox 575 2791 636 2851; x_wconf 83' lang='lat' dir='ltr'><strong>qua</strong></span> <span class='ocrx_word' id='word_1_179' title='bbox 653 2771 755 2845; x_wconf 87' lang='lat' dir='ltr'><strong>decet,</strong></span> <span class='ocrx_word' id='word_1_180' title='bbox 782 2773 965 2832; x_wconf 67' lang='lat' dir='ltr'><strong>reverentis.¹</strong></span> <span class='ocrx_word' id='word_1_181' title='bbox 1027 2775 1092 2854; x_wconf 85' lang='lat' dir='ltr'><strong>Ego</strong></span> <span class='ocrx_word' id='word_1_182' title='bbox 1114 2773 1221 2836; x_wconf 83' lang='lat' dir='ltr'><strong>audivi</strong></span> 
     </span>
     <span class='ocr_line' id='line_1_25' title="bbox 97 2867 1221 2957; baseline -0.004 -21"><span class='ocrx_word' id='word_1_183' title='bbox 97 2896 198 2957; x_wconf 84' lang='lat' dir='ltr'><strong>nuper</strong></span> <span class='ocrx_word' id='word_1_184' title='bbox 220 2872 398 2954; x_wconf 85' lang='lat' dir='ltr'><strong>praedicare</strong></span> <span class='ocrx_word' id='word_1_185' title='bbox 418 2871 470 2930; x_wconf 87' lang='lat' dir='ltr'><strong>hic</strong></span> <span class='ocrx_word' id='word_1_186' title='bbox 496 2871 673 2950; x_wconf 75' lang='lat' dir='ltr'><strong>aquodam</strong></span> <span class='ocrx_word' id='word_1_187' title='bbox 694 2867 840 2948; x_wconf 74' lang='lat' dir='ltr'><strong>Magistro</strong></span> <span class='ocrx_word' id='word_1_188' title='bbox 862 2871 901 2932; x_wconf 90' lang='lat' dir='ltr'><strong>de</strong></span> <span class='ocrx_word' id='word_1_189' title='bbox 922 2872 1081 2934; x_wconf 70' lang='lat' dir='ltr'><strong>Ps&#39;rrhieia</strong></span> <span class='ocrx_word' id='word_1_190' title='bbox 1099 2873 1139 2932; x_wconf 76' lang='lat' dir='ltr'><strong>iu‘</strong></span> <span class='ocrx_word' id='word_1_191' title='bbox 1154 2891 1221 2932; x_wconf 82' lang='lat' dir='ltr'><strong>usa-</strong></span> 
     </span>
     <span class='ocr_line' id='line_1_26' title="bbox 96 2969 1220 3057; baseline -0.004 -22"><span class='ocrx_word' id='word_1_192' title='bbox 96 2996 157 3057; x_wconf 83' lang='lat' dir='ltr'><strong>gna</strong></span> <span class='ocrx_word' id='word_1_193' title='bbox 176 2973 351 3044; x_wconf 87' lang='lat' dir='ltr'><strong>audientia,</strong></span> <span class='ocrx_word' id='word_1_194' title='bbox 368 2970 408 3033; x_wconf 72' lang='lat' dir='ltr'><strong>,iu</strong></span> <span class='ocrx_word' id='word_1_195' title='bbox 430 2970 509 3030; x_wconf 85' lang='lat' dir='ltr'><strong>festo</strong></span> <span class='ocrx_word' id='word_1_196' title='bbox 529 2969 712 3031; x_wconf 86' lang='lat' dir='ltr'><strong>ascensionis</strong></span> <span class='ocrx_word' id='word_1_197' title='bbox 726 2969 881 3043; x_wconf 89' lang='lat' dir='ltr'><strong>Domini,·</strong></span> <span class='ocrx_word' id='word_1_198' title='bbox 908 2971 962 3050; x_wconf 89' lang='lat' dir='ltr'><strong>qui</strong></span> <span class='ocrx_word' id='word_1_199' title='bbox 981 2971 1140 3052; x_wconf 79' lang='lat' dir='ltr'><strong>praemisit</strong></span> <span class='ocrx_word' id='word_1_200' title='bbox 1159 2973 1220 3046; x_wconf 78' lang='lat' dir='ltr'><strong>tels</strong></span> 
     </span>
     <span class='ocr_line' id='line_1_27' title="bbox 95 3066 1220 3141; baseline -0.002 -5"><span class='ocrx_word' id='word_1_201' title='bbox 95 3075 218 3136; x_wconf 79' lang='lat' dir='ltr'><strong>thema:</strong></span> <span class='ocrx_word' id='word_1_202' title='bbox 258 3067 410 3130; x_wconf 77' lang='lat' dir='ltr'><strong>Accendit</strong></span> <span class='ocrx_word' id='word_1_203' title='bbox 427 3071 516 3127; x_wconf 84' lang='lat' dir='ltr'><strong>Deus</strong></span> <span class='ocrx_word' id='word_1_204' title='bbox 537 3088 607 3126; x_wconf 82' lang='lat' dir='ltr'><strong>oum</strong></span> <span class='ocrx_word' id='word_1_205' title='bbox 630 3066 841 3141; x_wconf 78' lang='lat' dir='ltr'><strong>jubilatione:</strong></span> <span class='ocrx_word' id='word_1_206' title='bbox 884 3080 914 3129; x_wconf 88' lang='lat' dir='ltr'><strong>et</strong></span> <span class='ocrx_word' id='word_1_207' title='bbox 937 3070 1013 3130; x_wconf 84' lang='lat' dir='ltr'><strong>fecit</strong></span> <span class='ocrx_word' id='word_1_208' title='bbox 1037 3091 1136 3131; x_wconf 87' lang='lat' dir='ltr'><strong>unum</strong></span> <span class='ocrx_word' id='word_1_209' title='bbox 1165 3072 1220 3134; x_wconf 56' lang='lat' dir='ltr'><strong>boe</strong></span> 
     </span>
    </p>
   </div>
   <div class='ocr_carea' id='block_1_5' title="bbox 96 3164 1366 3246">
    <p class='ocr_par' dir='ltr' id='par_1_5' title="bbox 96 3164 1366 3246">
     <span class='ocr_line' id='line_1_28' title="bbox 96 3164 1366 3246; baseline -0.003 -14"><span class='ocrx_word' id='word_1_210' title='bbox 96 3193 173 3232; x_wconf 89' lang='lat' dir='ltr'><strong>num</strong></span> <span class='ocrx_word' id='word_1_211' title='bbox 194 3189 384 3241; x_wconf 85' lang='lat' dir='ltr'><strong>sermonem,</strong></span> <span class='ocrx_word' id='word_1_212' title='bbox 407 3186 499 3246; x_wconf 88' lang='lat' dir='ltr'><strong>quem</strong></span> <span class='ocrx_word' id='word_1_213' title='bbox 521 3185 626 3226; x_wconf 87' lang='lat' dir='ltr'><strong>omnes</strong></span> <span class='ocrx_word' id='word_1_214' title='bbox 645 3165 851 3226; x_wconf 78' lang='lat' dir='ltr'><strong>laudaverunt</strong></span> <span class='ocrx_word' id='word_1_215' title='bbox 869 3167 1043 3242; x_wconf 81' lang='lat' dir='ltr'><strong>audientes,</strong></span> <span class='ocrx_word' id='word_1_216' title='bbox 1075 3179 1105 3228; x_wconf 90' lang='lat' dir='ltr'><strong>et</strong></span> <span class='ocrx_word' id='word_1_217' title='bbox 1124 3164 1220 3229; x_wconf 56' lang='lat' dir='ltr'><strong>fleus-¹</strong></span> <span class='ocrx_word' id='word_1_218' title='bbox 1290 3230 1293 3236; x_wconf 73' lang='grc'>,</span> <span class='ocrx_word' id='word_1_219' title='bbox 1324 3213 1326 3222; x_wconf 37' lang='lat'><em>1</em></span> <span class='ocrx_word' id='word_1_220' title='bbox 1357 3177 1366 3184; x_wconf 89' lang='lat'>&#39;</span> 
     </span>
    </p>
   </div>
   <div class='ocr_carea' id='block_1_6' title="bbox 92 3262 1272 4338">
    <p class='ocr_par' dir='ltr' id='par_1_6' title="bbox 92 3262 1272 4338">
     <span class='ocr_line' id='line_1_29' title="bbox 96 3262 1220 3347; baseline -0.004 -17"><span class='ocrx_word' id='word_1_221' title='bbox 96 3282 185 3343; x_wconf 85' lang='lat' dir='ltr'><strong>runt,</strong></span> <span class='ocrx_word' id='word_1_222' title='bbox 215 3268 414 3328; x_wconf 87' lang='lat' dir='ltr'><strong>meliorantes</strong></span> <span class='ocrx_word' id='word_1_223' title='bbox 441 3287 474 3326; x_wconf 88' lang='lat' dir='ltr'><strong>se</strong></span> <span class='ocrx_word' id='word_1_224' title='bbox 502 3285 542 3324; x_wconf 80' lang='lat' dir='ltr'><strong>cx</strong></span> <span class='ocrx_word' id='word_1_225' title='bbox 571 3264 627 3323; x_wconf 85' lang='lat' dir='ltr'><strong>illa</strong></span> <span class='ocrx_word' id='word_1_226' title='bbox 655 3262 891 3343; x_wconf 79' lang='lat' dir='ltr'><strong>praedicatione.</strong></span> <span class='ocrx_word' id='word_1_227' title='bbox 931 3267 1001 3347; x_wconf 88' lang='lat' dir='ltr'><strong>Ipse</strong></span> <span class='ocrx_word' id='word_1_228' title='bbox 1026 3266 1060 3325; x_wconf 87' lang='lat' dir='ltr'><strong>in</strong></span> <span class='ocrx_word' id='word_1_229' title='bbox 1087 3267 1220 3326; x_wconf 86' lang='lat' dir='ltr'><strong>secunda</strong></span> 
     </span>
     <span class='ocr_line' id='line_1_30' title="bbox 96 3358 1221 3450; baseline -0.008 -20"><span class='ocrx_word' id='word_1_230' title='bbox 96 3379 182 3450; x_wconf 80' lang='lat' dir='ltr'><strong>parte</strong></span> <span class='ocrx_word' id='word_1_231' title='bbox 204 3375 278 3428; x_wconf 84' lang='lat' dir='ltr'><strong>suae</strong></span> <span class='ocrx_word' id='word_1_232' title='bbox 299 3365 471 3436; x_wconf 78' lang='lat' dir='ltr'><strong>collationis</strong></span> <span class='ocrx_word' id='word_1_233' title='bbox 491 3361 617 3422; x_wconf 82' lang='lat' dir='ltr'><strong>induxit</strong></span> <span class='ocrx_word' id='word_1_234' title='bbox 637 3361 712 3420; x_wconf 85' lang='lat' dir='ltr'><strong>duas</strong></span> <span class='ocrx_word' id='word_1_235' title='bbox 731 3362 940 3422; x_wconf 79' lang='lat' dir='ltr'><strong>conclusiones</strong></span> <span class='ocrx_word' id='word_1_236' title='bbox 954 3358 1043 3423; x_wconf 83' lang='lat' dir='ltr'><strong>valde</strong></span> <span class='ocrx_word' id='word_1_237' title='bbox 1062 3365 1221 3442; x_wconf 78' lang='lat' dir='ltr'><strong>magistra-</strong></span> 
     </span>
     <span class='ocr_line' id='line_1_31' title="bbox 95 3459 1220 3538; baseline -0.007 -12"><span class='ocrx_word' id='word_1_238' title='bbox 95 3468 139 3526; x_wconf 91' lang='lat' dir='ltr'><strong>les</strong></span> <span class='ocrx_word' id='word_1_239' title='bbox 160 3476 192 3526; x_wconf 90' lang='lat' dir='ltr'><strong>et</strong></span> <span class='ocrx_word' id='word_1_240' title='bbox 211 3466 348 3526; x_wconf 88' lang='lat' dir='ltr'><strong>subtiles.</strong></span> <span class='ocrx_word' id='word_1_241' title='bbox 410 3464 515 3524; x_wconf 85' lang='lat' dir='ltr'><strong>Prima</strong></span> <span class='ocrx_word' id='word_1_242' title='bbox 537 3461 613 3534; x_wconf 81' lang='lat' dir='ltr'><strong>tuit,</strong></span> <span class='ocrx_word' id='word_1_243' title='bbox 650 3460 772 3538; x_wconf 87' lang='lat' dir='ltr'><strong>quando</strong></span> <span class='ocrx_word' id='word_1_244' title='bbox 792 3461 946 3520; x_wconf 82' lang='lat' dir='ltr'><strong>Dominus</strong></span> <span class='ocrx_word' id='word_1_245' title='bbox 966 3459 1101 3518; x_wconf 83' lang='lat' dir='ltr'><strong>ascendit</strong></span> <span class='ocrx_word' id='word_1_246' title='bbox 1119 3460 1153 3518; x_wconf 88' lang='lat' dir='ltr'><strong>iu</strong></span> <span class='ocrx_word' id='word_1_247' title='bbox 1174 3460 1220 3518; x_wconf 89' lang='lat' dir='ltr'><strong>al-</strong></span> 
     </span>
     <span class='ocr_line' id='line_1_32' title="bbox 95 3541 1220 3638; baseline -0.009 -12"><span class='ocrx_word' id='word_1_248' title='bbox 95 3576 159 3626; x_wconf 87' lang='lat' dir='ltr'><strong>tum</strong></span> <span class='ocrx_word' id='word_1_249' title='bbox 183 3587 257 3626; x_wconf 90' lang='lat' dir='ltr'><strong>cum</strong></span> <span class='ocrx_word' id='word_1_250' title='bbox 272 3563 400 3625; x_wconf 84' lang='lat' dir='ltr'><strong>elevatis</strong></span> <span class='ocrx_word' id='word_1_251' title='bbox 421 3561 577 3633; x_wconf 76' lang='lat' dir='ltr'><strong>morsibus,</strong></span> <span class='ocrx_word' id='word_1_252' title='bbox 618 3569 692 3618; x_wconf 86' lang='lat' dir='ltr'><strong>tuuc</strong></span> <span class='ocrx_word' id='word_1_253' title='bbox 712 3558 851 3638; x_wconf 87' lang='lat' dir='ltr'><strong>Apostoli</strong></span> <span class='ocrx_word' id='word_1_254' title='bbox 878 3566 908 3616; x_wconf 90' lang='lat' dir='ltr'><strong>et</strong></span> <span class='ocrx_word' id='word_1_255' title='bbox 936 3541 1023 3615; x_wconf 82' lang='lat' dir='ltr'><strong>beata</strong></span> <span class='ocrx_word' id='word_1_256' title='bbox 1042 3556 1138 3635; x_wconf 85' lang='lat' dir='ltr'><strong>Virgo</strong></span> <span class='ocrx_word' id='word_1_257' title='bbox 1158 3567 1220 3616; x_wconf 88' lang='lat' dir='ltr'><strong>ste-</strong></span> 
     </span>
     <span class='ocr_line' id='line_1_33' title="bbox 96 3655 1219 3743; baseline -0.01 -19"><span class='ocrx_word' id='word_1_258' title='bbox 96 3675 216 3739; x_wconf 87' lang='lat' dir='ltr'><strong>terunt,</strong></span> <span class='ocrx_word' id='word_1_259' title='bbox 259 3674 290 3725; x_wconf 92' lang='lat' dir='ltr'><strong>et</strong></span> <span class='ocrx_word' id='word_1_260' title='bbox 311 3664 521 3722; x_wconf 86' lang='lat' dir='ltr'><strong>clamaverunt</strong></span> <span class='ocrx_word' id='word_1_261' title='bbox 539 3677 609 3717; x_wconf 91' lang='lat' dir='ltr'><strong>cum</strong></span> <span class='ocrx_word' id='word_1_262' title='bbox 628 3666 712 3717; x_wconf 80' lang='lat' dir='ltr'><strong>tante</strong></span> <span class='ocrx_word' id='word_1_263' title='bbox 732 3655 913 3743; x_wconf 82' lang='lat' dir='ltr'><strong>jubilatione</strong></span> <span class='ocrx_word' id='word_1_264' title='bbox 935 3674 1031 3732; x_wconf 86' lang='lat' dir='ltr'><strong>usque</strong></span> <span class='ocrx_word' id='word_1_265' title='bbox 1058 3656 1097 3714; x_wconf 87' lang='lat' dir='ltr'><strong>ed</strong></span> <span class='ocrx_word' id='word_1_266' title='bbox 1116 3656 1219 3713; x_wconf 80' lang='lat' dir='ltr'><strong>rauci·</strong></span> 
     </span>
     <span class='ocr_line' id='line_1_34' title="bbox 93 3750 1219 3843; baseline -0.011 -19"><span class='ocrx_word' id='word_1_267' title='bbox 93 3774 206 3837; x_wconf 87' lang='lat' dir='ltr'><strong>tatem,</strong></span> <span class='ocrx_word' id='word_1_268' title='bbox 226 3772 265 3823; x_wconf 88' lang='lat' dir='ltr'><strong>ut</strong></span> <span class='ocrx_word' id='word_1_269' title='bbox 284 3762 467 3843; x_wconf 82' lang='lat' dir='ltr'><strong>impleretur</strong></span> <span class='ocrx_word' id='word_1_270' title='bbox 486 3755 664 3838; x_wconf 86' lang='lat' dir='ltr'><strong>prophetia,</strong></span> <span class='ocrx_word' id='word_1_271' title='bbox 692 3775 770 3835; x_wconf 87' lang='lat' dir='ltr'><strong>quae</strong></span> <span class='ocrx_word' id='word_1_272' title='bbox 789 3750 882 3813; x_wconf 85' lang='lat' dir='ltr'><strong>dicit:</strong></span> <span class='ocrx_word' id='word_1_273' title='bbox 907 3753 1167 3826; x_wconf 60' lang='lat' dir='ltr'><strong>„clamavimus</strong></span> <span class='ocrx_word' id='word_1_274' title='bbox 1188 3764 1219 3812; x_wconf 92' lang='lat' dir='ltr'><strong>et</strong></span> 
     </span>
     <span class='ocr_line' id='line_1_35' title="bbox 93 3851 1219 3932; baseline -0.012 -10"><span class='ocrx_word' id='word_1_275' title='bbox 93 3883 205 3924; x_wconf 85' lang='lat' dir='ltr'><strong>raucae</strong></span> <span class='ocrx_word' id='word_1_276' title='bbox 226 3863 326 3923; x_wconf 80' lang='lat' dir='ltr'><strong>factae</strong></span> <span class='ocrx_word' id='word_1_277' title='bbox 346 3869 417 3920; x_wconf 90' lang='lat' dir='ltr'><strong>sunt</strong></span> <span class='ocrx_word' id='word_1_278' title='bbox 436 3877 527 3919; x_wconf 84' lang='lat' dir='ltr'><strong>voces</strong></span> <span class='ocrx_word' id='word_1_279' title='bbox 549 3856 687 3914; x_wconf 87' lang='lat' dir='ltr'><strong>eorum.“</strong></span> <span class='ocrx_word' id='word_1_280' title='bbox 726 3853 766 3912; x_wconf 88' lang='lat' dir='ltr'><strong>Et</strong></span> <span class='ocrx_word' id='word_1_281' title='bbox 785 3852 945 3932; x_wconf 86' lang='lat' dir='ltr'><strong>probavit,</strong></span> <span class='ocrx_word' id='word_1_282' title='bbox 975 3851 1057 3930; x_wconf 90' lang='lat' dir='ltr'><strong>quod</strong></span> <span class='ocrx_word' id='word_1_283' title='bbox 1077 3852 1134 3909; x_wconf 82' lang='lat' dir='ltr'><strong>iste</strong></span> <span class='ocrx_word' id='word_1_284' title='bbox 1155 3852 1219 3916; x_wconf 85' lang='lat' dir='ltr'><strong>cla·-</strong></span> 
     </span>
     <span class='ocr_line' id='line_1_36' title="bbox 94 3948 1219 4031; baseline -0.013 -11"><span class='ocrx_word' id='word_1_285' title='bbox 94 3981 163 4022; x_wconf 88' lang='lat' dir='ltr'><strong>mor</strong></span> <span class='ocrx_word' id='word_1_286' title='bbox 183 3963 247 4024; x_wconf 82' lang='lat' dir='ltr'><strong>fuit</strong></span> <span class='ocrx_word' id='word_1_287' title='bbox 265 3959 439 4031; x_wconf 81' lang='lat' dir='ltr'><strong>laetitialis,</strong></span> <span class='ocrx_word' id='word_1_288' title='bbox 463 3967 494 4016; x_wconf 89' lang='lat' dir='ltr'><strong>et</strong></span> <span class='ocrx_word' id='word_1_289' title='bbox 514 3953 700 4014; x_wconf 84' lang='lat' dir='ltr'><strong>necessarius</strong></span> <span class='ocrx_word' id='word_1_290' title='bbox 720 3952 755 4011; x_wconf 89' lang='lat' dir='ltr'><strong>in</strong></span> <span class='ocrx_word' id='word_1_291' title='bbox 774 3950 834 4010; x_wconf 91' lang='lat' dir='ltr'><strong>fide</strong></span> <span class='ocrx_word' id='word_1_292' title='bbox 856 3949 1031 4020; x_wconf 78' lang='lat' dir='ltr'><strong>catholica,</strong></span> <span class='ocrx_word' id='word_1_293' title='bbox 1055 3956 1130 4012; x_wconf 75' lang='lat' dir='ltr'><strong>teste</strong></span> <span class='ocrx_word' id='word_1_294' title='bbox 1150 3948 1219 4008; x_wconf 90' lang='lat' dir='ltr'><strong>Do-</strong></span> 
     </span>
     <span class='ocr_line' id='line_1_37' title="bbox 94 4046 1219 4134; baseline -0.016 -13"><span class='ocrx_word' id='word_1_295' title='bbox 94 4067 200 4134; x_wconf 88' lang='lat' dir='ltr'><strong>mino,</strong></span> <span class='ocrx_word' id='word_1_296' title='bbox 221 4061 345 4122; x_wconf 82' lang='lat' dir='ltr'><strong>dicente</strong></span> <span class='ocrx_word' id='word_1_297' title='bbox 364 4058 397 4116; x_wconf 89' lang='lat' dir='ltr'><strong>in</strong></span> <span class='ocrx_word' id='word_1_298' title='bbox 420 4053 606 4134; x_wconf 85' lang='lat' dir='ltr'><strong>Evangelio:</strong></span> <span class='ocrx_word' id='word_1_299' title='bbox 648 4050 927 4123; x_wconf 53' lang='lat' dir='ltr'><strong>„Amensamem</strong></span> <span class='ocrx_word' id='word_1_300' title='bbox 960 4046 1150 4118; x_wconf 65' lang='lat' dir='ltr'><strong>dico‘vobis&#39;,</strong></span> <span class='ocrx_word' id='word_1_301' title='bbox 1191 4048 1219 4104; x_wconf 86' lang='lat' dir='ltr'><strong>si</strong></span> 
     </span>
     <span class='ocr_line' id='line_1_38' title="bbox 92 4143 1219 4236; baseline -0.014 -19"><span class='ocrx_word' id='word_1_302' title='bbox 92 4159 145 4220; x_wconf 87' lang='lat' dir='ltr'><strong>isti</strong></span> <span class='ocrx_word' id='word_1_303' title='bbox 163 4161 326 4232; x_wconf 81' lang='lat' dir='ltr'><strong>tacebunt,</strong></span> <span class='ocrx_word' id='word_1_304' title='bbox 346 4156 462 4236; x_wconf 88' lang='lat' dir='ltr'><strong>lapides</strong></span> <span class='ocrx_word' id='word_1_305' title='bbox 482 4149 684 4214; x_wconf 84' lang='lat' dir='ltr'><strong>clamabunt.“</strong></span> <span class='ocrx_word' id='word_1_306' title='bbox 724 4148 785 4227; x_wconf 88' lang='lat' dir='ltr'><strong>Ipsi</strong></span> <span class='ocrx_word' id='word_1_307' title='bbox 801 4147 1010 4210; x_wconf 81' lang='lat' dir='ltr'><strong>clamaverunt</strong></span> <span class='ocrx_word' id='word_1_308' title='bbox 1028 4143 1219 4202; x_wconf 85' lang='lat' dir='ltr'><strong>omnes&#39;cha-</strong></span> 
     </span>
     <span class='ocr_line' id='line_1_39' title="bbox 93 4242 1272 4338; baseline -0.016 -20"><span class='ocrx_word' id='word_1_309' title='bbox 93 4255 217 4320; x_wconf 71' lang='lat' dir='ltr'><strong>ritatile</strong></span> <span class='ocrx_word' id='word_1_310' title='bbox 231 4279 303 4317; x_wconf 86' lang='lat' dir='ltr'><strong>cum</strong></span> <span class='ocrx_word' id='word_1_311' title='bbox 324 4276 440 4338; x_wconf 84' lang='lat' dir='ltr'><strong>magno.</strong></span> <span class='ocrx_word' id='word_1_312' title='bbox 454 4254 547 4314; x_wconf 78' lang='lat' dir='ltr'><strong>selo·</strong></span> <span class='ocrx_word' id='word_1_313' title='bbox 583 4245 751 4325; x_wconf 82' lang='lat' dir='ltr'><strong>Praecipue</strong></span> <span class='ocrx_word' id='word_1_314' title='bbox 771 4255 871 4318; x_wconf 81' lang='lat' dir='ltr'><strong>tamen</strong></span> <span class='ocrx_word' id='word_1_315' title='bbox 893 4246 997 4304; x_wconf 83' lang='lat' dir='ltr'><strong>beatus</strong></span> <span class='ocrx_word' id='word_1_316' title='bbox 1017 4243 1140 4313; x_wconf 82' lang='lat' dir='ltr'><strong>Petrus,</strong></span> <span class='ocrx_word' id='word_1_317' title='bbox 1163 4242 1218 4321; x_wconf 88' lang='lat' dir='ltr'><strong>qui</strong></span> <span class='ocrx_word' id='word_1_318' title='bbox 1270 4311 1272 4316; x_wconf 28' lang='grc' dir='ltr'>Ι</span> 
     </span>
    </p>
   </div>
   <div class='ocr_carea' id='block_1_7' title="bbox 0 0 1440 4722">
    <p class='ocr_par' dir='ltr' id='par_1_7' title="bbox 0 0 1440 4722">
     <span class='ocr_line' id='line_1_40' title="bbox 0 0 1440 4722; baseline 0 0"><span class='ocrx_word' id='word_1_319' title='bbox 0 0 1440 4722; x_wconf 95' lang='lat' dir='ltr'><strong> </strong></span> 
     </span>
    </p>
   </div>
  </div>
 </body>
</html>
