2872 4722
179 351 276 444 x144
510 395 513 404 ,
575 353 974 415 uatsronnn

211 531 289 573 num
304 531 421 586 meam,
441 510 523 592 quod
543 507 645 572 velitis
665 508 744 573 mibi
763 510 944 592 frequenter
962 509 1112 584 scribere,
1134 521 1165 572 et
1181 513 1261 575 mibi
1274 533 1342 574 mo-

212 613 287 672 dnm
309 611 382 683 dare
402 609 537 670 dictandi
555 609 589 669 in
610 610 720 671 vestris
740 609 972 694 dictaminibus:
1014 620 1060 670 ast
1078 629 1143 670 nou
1162 613 1281 688 facitis,
1312 623 1343 674 et

211 711 292 771 mibi
314 732 378 771 non
398 708 547 777 scribitis,
585 709 651 770 sive
668 709 790 784 vivitis,
825 711 891 772 sive
911 732 974 773 non
996 710 1119 785 vivitis,
1152 723 1343 773 nontamen

210 809 362 882 scribitis,
383 819 419 884 ut
438 809 501 868 scio
522 807 598 888 qnid
619 821 678 882 est,
711 809 866 888 quomodo
884 811 936 870 vel
958 811 1091 891 qualiter
1111 821 1164 870 est.
1230 813 1343 872 Sancte

209 911 311 971 Deus!
341 909 496 988 quomodo
524 929 574 969 me
604 909 790 969 sollicitatis!
831 910 926 990 Rogo
939 931 995 972 vos
1015 919 1144 990 propter
1163 911 1287 984 Deum,
1311 920 1343 970 et

208 1021 347 1069 sanctum
361 1006 548 1090 Georgium,
567 1007 697 1069 liberate
710 1029 760 1067 me
780 1028 820 1068 ex
839 1029 906 1069 mea
927 1030 1017 1083 cura,
1038 1008 1111 1088 quia
1130 1010 1235 1085 timeo,
1257 1010 1341 1092 quod

210 1117 302 1190 caput
320 1106 408 1168 vobis
429 1107 528 1181 dolet,
549 1106 600 1167 vel
621 1107 703 1186 quod
724 1105 842 1167 habetis
862 1109 1072 1170 infirmitatem
1094 1106 1130 1168 in
1149 1121 1274 1184 ventre,
1311 1118 1342 1169 et

209 1207 280 1266 estis
299 1207 406 1279 laxus,
447 1205 527 1266 sicut
546 1206 621 1265 olim
642 1205 752 1281 fuistis,
772 1208 895 1286 quando
918 1209 1136 1289 permerdastis
1155 1209 1266 1288 caligas
1280 1228 1340 1268 ve-

186 1313 285 1366 ⁸stras
306 1304 341 1364 in
362 1304 488 1384 plateis,
510 1315 542 1364 et
562 1325 626 1364 nou
645 1305 795 1379 sensistis,
816 1307 915 1366 donec
936 1329 998 1368 una
1019 1308 1134 1369 mulier
1155 1308 1248 1367 dixit:
1270 1309 1339 1366 Do-

208 1408 293 1471 mine
314 1404 478 1486 Magister,
516 1399 571 1464 ubi
590 1405 711 1464 sedistis
730 1404 766 1463 in
786 1405 918 1466 merdis:
960 1427 1030 1466 ecoe
1052 1407 1158 1466 tunica
1178 1417 1209 1467 et
1226 1416 1339 1486 panto-

208 1507 268 1568 icli
289 1505 391 1566 vestri
407 1513 478 1564 sunt
497 1505 662 1582 maculata;
694 1513 768 1563 tunc
791 1503 891 1564 ivistis
919 1505 954 1566 in
982 1507 1108 1567 domum
1136 1506 1266 1566 Domini
1285 1506 1338 1564 Jo-

208 1627 278 1667 ann.
300 1603 519 1677 Pfefferkorn,
563 1616 595 1662 et
623 1603 739 1664 mulier
758 1601 824 1681 ejus
852 1602 938 1663 dedit
956 1607 1044 1667 vobis
1064 1606 1131 1669 alia.
1145 1605 1337 1668 vestimenta.

206 1707 272 1766 Vos
293 1703 413 1764 debetis
431 1703 592 1763 comedere
612 1724 670 1763 ova
691 1702 787 1775 dura,
828 1713 859 1762 et
879 1714 1031 1765 castaneas
1053 1705 1086 1766 in
1108 1706 1234 1769 fornace
1255 1725 1337 1764 assa-

206 1799 269 1877 tas,
291 1822 413 1864 necnon
433 1800 519 1863 fabas
540 1812 638 1861 coctas
660 1823 795 1882 aspersas
816 1822 886 1862 cnm
899 1824 1062 1884 papavere,
1084 1815 1119 1866 ut
1134 1803 1169 1864 fit
1181 1804 1217 1863 in
1229 1805 1337 1867 West-

204 1901 327 1985 phalia,
353 1901 452 1982 patria
471 1911 580 1962 vestra.
622 1901 704 1960 Mihi
727 1902 894 1962 somniavit
912 1903 950 1962 de
970 1904 1075 1978 vobis,
1114 1903 1197 1983 quod
1217 1901 1336 1963 habetis

204 2024 330 2084 gravem
350 2001 474 2073 tussim,
503 2012 533 2059 et
554 2000 686 2060 multum
709 2001 747 2060 de
767 2000 956 2082 phlegmate:
989 2003 1140 2062 comedite
1160 2023 1334 2075 zuccarum,

204 2116 235 2162 et
254 2103 333 2182 pisas
354 2112 494 2160 contusas
513 2099 625 2158 mixtas
647 2119 716 2158 cum
737 2101 883 2180 serpillo,
909 2109 939 2160 et
959 2100 1034 2159 allio
1055 2102 1203 2177 contrito,
1221 2109 1259 2161 'ac
1272 2121 1336 2182 .po-

190 2203 387 2263 ‘11iteunum
409 2209 539 2259 assatum
561 2219 653 2279 caepe
683 2200 722 2258 ad
751 2199 934 2260 umbilicum
962 2209 1115 2275 vestram,
1151 2212 1182 2261 et
1201 2221 1259 2282 per
1278 2220 1334 2259 sex
1431 2261 1432 2274 ,

203 2301 269 2361 dies
296 2299 444 2365 abstinete
474 2318 492 2357 a
516 2298 715 2372 mulieribus,
758 2299 850 2378 tegite
884 2309 975 2379 caput
1007 2309 1038 2360 et
1063 2300 1185 2359 lumbos
1215 2308 1334 2361 vestros

201 2401 298 2473 bene,
320 2409 351 2458 et
371 2397 530 2471 sanabitis,
573 2398 625 2458 vel
650 2397 763 2457 sumite
784 2409 960 2479 receptum,
998 2399 1080 2478 quod
1103 2420 1183 2458 uxor
1205 2399 1334 2458 Domini

201 2503 310 2560 Joann.
332 2497 532 2559 Pfefferkorn
551 2512 641 2576 saepe
661 2497 878 2578 languentibus
898 2497 1039 2576 dederat,
1073 2499 1157 2580 quod
1185 2507 1229 2558 est
1256 2518 1334 2578 pro·

200 2600 306 2661 batum
326 2619 426 2680 saepe.
465 2596 652 2658 ExSuollis.

202 2766 381 2842 Vilipatius
403 2761 441 2822 de
459 2763 664 2838 Antwerps’a,
699 2763 955 2836 Baccolaurius,
986 2766 1034 2822 M.
1056 2763 1187 2822 Ortuino
1205 2762 1331 2832 Gratio,

323 2864 424 2920 amico
440 2882 496 2919 suo
509 2861 772 2939 singularissimo,
789 2864 921 2921 salutem
935 2863 1015 2922 dicit
1028 2867 1204 2923 maximam.

283 2995 380 3056 Venit·
399 2994 438 3053 ad
458 3014 509 3053 mc
532 3013 611 3051 unus
625 2991 816 3068 Religiosus,
840 2994 969 3054 Ordinis
988 2995 1238 3055 Praedicatorum
1249 3037 1258 3068 ,
1279 2989 1330 3054 di-

199 3095 335 3175 scipnlus
351 3092 492 3174 Magistri
513 3093 610 3152 nostri
631 3091 734 3152 Jacobi
756 3093 794 3150 de
812 3095 974 3174 Hogstrat,
998 3094 1169 3154 baereticae
1190 3096 1329 3175 pravita-

199 3197 238 3252 tis
261 3194 475 3273 quuisitoris,
496 3205 526 3250 et
546 3193 691 3252 salutavit
710 3207 779 3287 me*
810 3194 850 3252 Et
871 3193 1199 3272 statiminterrogavi:
1242 3195 1328 3271 Quid
1430 3217 1431 3224 ¹

199 3293 274 3353 facit
296 3293 411 3351 amicus
430 3313 516 3352 meua
544 3291 820 3370 singularissimus,
842 3294 886 3351 M.
902 3292 1053 3353 Ortninus
1067 3293 1192 3352 Gratius
1202 3335 1211 3365 ,
1233 3314 1326 3373 aquo

197 3393 296 3458 multa
317 3392 411 3452 didici
431 3392 467 3452 in
486 3391 601 3471 Logica
624 3400 654 3450 et
675 3391 788 3452 Poesi'?
831 3393 871 3450 Et
890 3390 1063 3470 respondit,
1085 3392 1166 3471 quod
1188 3394 1259 3452 estis
1276 3395 1328 3452 in-

197 3492 321 3565 firmus,
362 3502 437 3552 tunc
461 3491 562 3550 cedidi
590 3491 623 3550 in
648 3505 761 3552 terram
790 3501 860 3550 ante
891 3490 985 3570 podes
1011 3489 1076 3568 ejus
1104 3511 1179 3571 prae
1198 3501 1326 3552 terrore.

197 3592 264 3671 lpse
286 3611 336 3650 nae
355 3591 496 3671 perfudit
518 3611 588 3649 oum
608 3611 687 3670 aqua
709 3590 840 3671 frigida,
863 3599 893 3648 et
914 3587 1073 3649 crinisavit
1093 3609 1143 3648 me
1164 3590 1247 3670 apud
1265 3611 1328 3670 pu-

141 3677 143 3682 ’
196 3691 315 3763 denda,
337 3699 368 3750 et
387 3691 442 3749 vix
462 3681 627 3750 suscitavit.
689 3690 779 3749 'I'uuc
799 3686 880 3746 dixi:
923 3686 952 3745 Ο
974 3708 1067 3766 quam
1086 3710 1136 3748 mc
1157 3689 1325 3748 terruistis!

143 3857 146 3868 1
196 3811 276 3869 quae
295 3787 359 3868 ejus
380 3789 564 3851 infirmitas?
607 3791 647 3849 Et
662 3791 720 3862 ait,
749 3787 832 3867 quod
853 3786 962 3846 dextra
982 3781 1083 3848 vestra
1099 3789 1267 3848 mammilla
1281 3797 1328 3847 est

196 3890 318 3969 inflata,
347 3910 381 3949 ac
404 3891 546 3950 dolorosa
561 3890 741 3950 infirmitate
761 3907 816 3946 vos
830 3894 938 3958 vexat,
967 3896 996 3945 et
1015 3887 1146 3967 impedit
1166 3909 1184 3946 a
1204 3887 1326 3963 studio;

195 3987 240 4046 sic
265 3988 353 4068 coepi
381 3988 493 4048 iterum
521 3999 673 4064 mentem,
703 3988 823 4046 dicens:
865 3985 932 4043 Ha!
963 3977 1093 4045 nonest
1122 3986 1224 4045 aliud:
1268 4006 1325 4066 ego

194 4107 319 4167 possum
341 4089 419 4147 bene
438 4109 545 4148 sanare
565 4089 653 4146 istam
674 4086 900 4158 infirmitatem,
935 4083 1033 4144 habeo
1066 4097 1163 4144 artem
1182 4104 1240 4164 per
1262 4105 1326 4143 ex·
1429 4099 1430 4118 ¹

194 4187 387 4264 parientiam.
424 4190 552 4261 Verum,
574 4188 710 4247 Domine
736 4184 893 4264 Magister,
918 4183 1022 4244 audite
1048 4184 1202 4264 primum,
1239 4184 1326 4242 unde

194 4285 282 4344 venit
301 4286 359 4344 ista
377 4283 560 4346 infirmitas?
601 4289 691 4348 Tunc
710 4283 872 4365 subjugavi
892 4281 1080 4344 remedium:
1100 4282 1235 4360 Quando
1251 4303 1325 4344 mss-
