<?xml version="1.0" encoding="UTF-8"?>
<!DOCTYPE html PUBLIC "-//W3C//DTD XHTML 1.0 Transitional//EN"
    "http://www.w3.org/TR/xhtml1/DTD/xhtml1-transitional.dtd">
<html xmlns="http://www.w3.org/1999/xhtml" xml:lang="en" lang="en">
 <head>
  <title>
</title>
<meta http-equiv="Content-Type" content="text/html;charset=utf-8" />
  <meta name='ocr-system' content='tesseract 3.04.00' />
  <meta name='ocr-capabilities' content='ocr_page ocr_carea ocr_par ocr_line ocrx_word'/>
</head>
<body>
  <div class='ocr_page' id='page_1' title='image "./ulrichiabhutten04mngoog_0186.png"; bbox 0 0 2872 4722; ppageno 0'>
   <div class='ocr_carea' id='block_1_1' title="bbox 116 348 977 426">
    <p class='ocr_par' dir='ltr' id='par_1_1' title="bbox 116 348 977 426">
     <span class='ocr_line' id='line_1_1' title="bbox 116 348 977 426; baseline 0.001 -2"><span class='ocrx_word' id='word_1_1' title='bbox 116 415 119 424; x_wconf 91' lang='lat'>.</span> <span class='ocrx_word' id='word_1_2' title='bbox 206 361 268 426; x_wconf 80' lang='lat'><strong>172</strong></span> <span class='ocrx_word' id='word_1_3' title='bbox 571 348 977 425; x_wconf 73' lang='lat' dir='ltr'><strong>nr1snonnn&#39;</strong></span> 
     </span>
    </p>
   </div>
   <div class='ocr_carea' id='block_1_2' title="bbox 202 499 1427 1391">
    <p class='ocr_par' dir='ltr' id='par_1_2' title="bbox 202 499 1427 1391">
     <span class='ocr_line' id='line_1_2' title="bbox 204 499 1338 601; baseline -0.004 -19"><span class='ocrx_word' id='word_1_4' title='bbox 204 519 372 582; x_wconf 75' lang='lat' dir='ltr'>Caesareae</span> <span class='ocrx_word' id='word_1_5' title='bbox 384 517 568 596; x_wconf 88' lang='lat' dir='ltr'><strong>Majestetis,</strong></span> <span class='ocrx_word' id='word_1_6' title='bbox 592 528 623 578; x_wconf 88' lang='lat' dir='ltr'><strong>et</strong></span> <span class='ocrx_word' id='word_1_7' title='bbox 643 527 689 579; x_wconf 89' lang='lat' dir='ltr'><strong>est</strong></span> <span class='ocrx_word' id='word_1_8' title='bbox 708 532 797 601; x_wconf 83' lang='lat' dir='ltr'><strong>natus</strong></span> <span class='ocrx_word' id='word_1_9' title='bbox 817 519 856 579; x_wconf 88' lang='lat' dir='ltr'><strong>de</strong></span> <span class='ocrx_word' id='word_1_10' title='bbox 876 499 961 580; x_wconf 74' lang='lat' dir='ltr'><strong>triba</strong></span> <span class='ocrx_word' id='word_1_11' title='bbox 980 515 1169 598; x_wconf 87' lang='lat' dir='ltr'><strong>Nephtalim.</strong></span> <span class='ocrx_word' id='word_1_12' title='bbox 1203 519 1251 580; x_wconf 87' lang='lat' dir='ltr'><strong>&#39;Et</strong></span> <span class='ocrx_word' id='word_1_13' title='bbox 1270 519 1338 580; x_wconf 80' lang='lat' dir='ltr'><strong>‘sci—</strong></span> 
     </span>
     <span class='ocr_line' id='line_1_3' title="bbox 203 617 1338 699; baseline -0.002 -19"><span class='ocrx_word' id='word_1_14' title='bbox 203 619 264 696; x_wconf 81' lang='lat' dir='ltr'><strong>sis,</strong></span> <span class='ocrx_word' id='word_1_15' title='bbox 298 618 382 699; x_wconf 86' lang='lat' dir='ltr'><strong>qued</strong></span> <span class='ocrx_word' id='word_1_16' title='bbox 402 626 446 676; x_wconf 88' lang='lat' dir='ltr'><strong>est</strong></span> <span class='ocrx_word' id='word_1_17' title='bbox 464 635 527 676; x_wconf 86' lang='lat' dir='ltr'><strong>una</strong></span> <span class='ocrx_word' id='word_1_18' title='bbox 547 617 672 697; x_wconf 85' lang='lat' dir='ltr'><strong>antiqua</strong></span> <span class='ocrx_word' id='word_1_19' title='bbox 693 617 882 699; x_wconf 54' lang='lat' dir='ltr'><strong>progenies(</strong></span> <span class='ocrx_word' id='word_1_20' title='bbox 927 619 968 678; x_wconf 88' lang='lat' dir='ltr'><strong>Et</strong></span> <span class='ocrx_word' id='word_1_21' title='bbox 988 617 1055 698; x_wconf 84' lang='lat' dir='ltr'><strong>ipso</strong></span> <span class='ocrx_word' id='word_1_22' title='bbox 1075 626 1177 699; x_wconf 89' lang='lat' dir='ltr'><strong>posset</strong></span> <span class='ocrx_word' id='word_1_23' title='bbox 1196 617 1338 698; x_wconf 82' lang='lat' dir='ltr'><strong>gloriari,</strong></span> 
     </span>
     <span class='ocr_line' id='line_1_4' title="bbox 204 703 1339 801; baseline -0.003 -24"><span class='ocrx_word' id='word_1_24' title='bbox 204 717 289 801; x_wconf 86' lang='lat' dir='ltr'><strong>quod</strong></span> <span class='ocrx_word' id='word_1_25' title='bbox 311 703 355 776; x_wconf 83' lang='lat' dir='ltr'><strong>ost</strong></span> <span class='ocrx_word' id='word_1_26' title='bbox 375 713 503 789; x_wconf 90' lang='lat' dir='ltr'><strong>nobilis,</strong></span> <span class='ocrx_word' id='word_1_27' title='bbox 525 715 666 794; x_wconf 84' lang='lat' dir='ltr'><strong>quamvis</strong></span> <span class='ocrx_word' id='word_1_28' title='bbox 689 715 751 776; x_wconf 82' lang='lat' dir='ltr'><strong>&#39;non</strong></span> <span class='ocrx_word' id='word_1_29' title='bbox 774 710 851 778; x_wconf 80' lang='lat' dir='ltr'><strong>iacit</strong></span> <span class='ocrx_word' id='word_1_30' title='bbox 863 727 991 798; x_wconf 86' lang='lat' dir='ltr'><strong>propter</strong></span> <span class='ocrx_word' id='word_1_31' title='bbox 1007 715 1222 777; x_wconf 85' lang='lat' dir='ltr'><strong>humilitatem.</strong></span> <span class='ocrx_word' id='word_1_32' title='bbox 1244 718 1339 777; x_wconf 79' lang='lat' dir='ltr'><strong>&#39;I&#39;unc</strong></span> 
     </span>
     <span class='ocr_line' id='line_1_5' title="bbox 203 797 1427 897; baseline -0.002 -21"><span class='ocrx_word' id='word_1_33' title='bbox 203 815 363 896; x_wconf 83' lang='lat' dir='ltr'><strong>respondit</strong></span> <span class='ocrx_word' id='word_1_34' title='bbox 382 815 500 874; x_wconf 85' lang='lat' dir='ltr'><strong>Doctor</strong></span> <span class='ocrx_word' id='word_1_35' title='bbox 520 815 591 874; x_wconf 88' lang='lat' dir='ltr'><strong>ille:</strong></span> <span class='ocrx_word' id='word_1_36' title='bbox 634 803 800 896; x_wconf 44' lang='lat' dir='ltr'><strong>Aecip&#39;iatis</strong></span> <span class='ocrx_word' id='word_1_37' title='bbox 820 817 979 891; x_wconf 77' lang='lat' dir='ltr'><strong>cochlear,</strong></span> <span class='ocrx_word' id='word_1_38' title='bbox 1001 830 1031 878; x_wconf 92' lang='lat' dir='ltr'><strong>et</strong></span> <span class='ocrx_word' id='word_1_39' title='bbox 1049 824 1176 897; x_wconf 85' lang='lat' dir='ltr'><strong>gustate,</strong></span> <span class='ocrx_word' id='word_1_40' title='bbox 1198 813 1273 895; x_wconf 90' lang='lat' dir='ltr'><strong>quid</strong></span> <span class='ocrx_word' id='word_1_41' title='bbox 1286 815 1339 873; x_wconf 88' lang='lat' dir='ltr'><strong>di·</strong></span> <span class='ocrx_word' id='word_1_42' title='bbox 1426 797 1427 814; x_wconf 13' lang='grc' dir='ltr'><strong>Χ</strong></span> 
     </span>
     <span class='ocr_line' id='line_1_6' title="bbox 203 911 1345 994; baseline -0.005 -16"><span class='ocrx_word' id='word_1_43' title='bbox 203 916 313 978; x_wconf 79' lang='lat' dir='ltr'><strong>xistis.-</strong></span> <span class='ocrx_word' id='word_1_44' title='bbox 363 915 454 973; x_wconf 84' lang='lat' dir='ltr'><strong>Tune</strong></span> <span class='ocrx_word' id='word_1_45' title='bbox 474 913 561 974; x_wconf 85' lang='lat' dir='ltr'><strong>dixi:</strong></span> <span class='ocrx_word' id='word_1_46' title='bbox 602 915 745 994; x_wconf 73' lang='lat' dir='ltr'><strong>preditis,</strong></span> <span class='ocrx_word' id='word_1_47' title='bbox 783 915 867 994; x_wconf 86' lang='lat' dir='ltr'><strong>quod</strong></span> <span class='ocrx_word' id='word_1_48' title='bbox 887 935 951 977; x_wconf 87' lang='lat' dir='ltr'><strong>non</strong></span> <span class='ocrx_word' id='word_1_49' title='bbox 969 917 1060 978; x_wconf 85' lang='lat' dir='ltr'><strong>etiam</strong></span> <span class='ocrx_word' id='word_1_50' title='bbox 1080 914 1148 976; x_wconf 81' lang='lat' dir='ltr'><strong>vidi</strong></span> <span class='ocrx_word' id='word_1_51' title='bbox 1169 911 1345 975; x_wconf 71' lang='lat' dir='ltr'><strong>hominen?¹</strong></span> 
     </span>
     <span class='ocr_line' id='line_1_7' title="bbox 202 1011 1339 1095; baseline -0.004 -23"><span class='ocrx_word' id='word_1_52' title='bbox 202 1017 268 1095; x_wconf 87' lang='lat' dir='ltr'><strong>Ego</strong></span> <span class='ocrx_word' id='word_1_53' title='bbox 289 1032 358 1071; x_wconf 87' lang='lat' dir='ltr'><strong>aum</strong></span> <span class='ocrx_word' id='word_1_54' title='bbox 373 1011 522 1091; x_wconf 75' lang='lat' dir='ltr'><strong>Magister</strong></span> <span class='ocrx_word' id='word_1_55' title='bbox 542 1012 778 1087; x_wconf 88' lang='lat' dir='ltr'><strong>Parrhisiensis,</strong></span> <span class='ocrx_word' id='word_1_56' title='bbox 800 1025 830 1072; x_wconf 86' lang='lat' dir='ltr'><strong>et</strong></span> <span class='ocrx_word' id='word_1_57' title='bbox 850 1013 999 1076; x_wconf 91' lang='lat' dir='ltr'><strong>Coloniae</strong></span> <span class='ocrx_word' id='word_1_58' title='bbox 1019 1013 1123 1076; x_wconf 84' lang='lat' dir='ltr'><strong>studui</strong></span> <span class='ocrx_word' id='word_1_59' title='bbox 1143 1012 1177 1073; x_wconf 88' lang='lat' dir='ltr'><strong>in</strong></span> <span class='ocrx_word' id='word_1_60' title='bbox 1197 1012 1339 1074; x_wconf 91' lang='lat' dir='ltr'><strong>Theolo-</strong></span> 
     </span>
     <span class='ocr_line' id='line_1_8' title="bbox 203 1109 1340 1197; baseline -0.004 -24"><span class='ocrx_word' id='word_1_61' title='bbox 203 1115 253 1197; x_wconf 82' lang='lat' dir='ltr'><strong>gia</strong></span> <span class='ocrx_word' id='word_1_62' title='bbox 273 1114 354 1173; x_wconf 89' lang='lat' dir='ltr'><strong>bene</strong></span> <span class='ocrx_word' id='word_1_63' title='bbox 375 1109 453 1169; x_wconf 87' lang='lat' dir='ltr'><strong>duos</strong></span> <span class='ocrx_word' id='word_1_64' title='bbox 475 1131 579 1171; x_wconf 90' lang='lat' dir='ltr'><strong>annos.</strong></span> <span class='ocrx_word' id='word_1_65' title='bbox 621 1113 756 1174; x_wconf 82' lang='lat' dir='ltr'><strong>Domine</strong></span> <span class='ocrx_word' id='word_1_66' title='bbox 779 1112 906 1186; x_wconf 86' lang='lat' dir='ltr'><strong>Doctor,</strong></span> <span class='ocrx_word' id='word_1_67' title='bbox 927 1134 992 1174; x_wconf 90' lang='lat' dir='ltr'><strong>non</strong></span> <span class='ocrx_word' id='word_1_68' title='bbox 1011 1114 1077 1174; x_wconf 90' lang='lat' dir='ltr'><strong>sitis</strong></span> <span class='ocrx_word' id='word_1_69' title='bbox 1098 1113 1257 1195; x_wconf 86' lang='lat' dir='ltr'><strong>superbus,</strong></span> <span class='ocrx_word' id='word_1_70' title='bbox 1270 1129 1340 1169; x_wconf 80' lang='lat' dir='ltr'><strong>&#39;an-</strong></span> 
     </span>
     <span class='ocr_line' id='line_1_9' title="bbox 202 1206 1340 1293; baseline -0.007 -19"><span class='ocrx_word' id='word_1_71' title='bbox 202 1224 327 1293; x_wconf 82' lang='lat' dir='ltr'><strong>tequam</strong></span> <span class='ocrx_word' id='word_1_72' title='bbox 344 1210 530 1287; x_wconf 67' lang='lat' dir='ltr'><strong>cognoscitis</strong></span> <span class='ocrx_word' id='word_1_73' title='bbox 552 1210 710 1272; x_wconf 83' lang='lat' dir='ltr'><strong>homines!</strong></span> <span class='ocrx_word' id='word_1_74' title='bbox 765 1211 938 1292; x_wconf 88' lang='lat' dir='ltr'><strong>Respondit</strong></span> <span class='ocrx_word' id='word_1_75' title='bbox 957 1214 1075 1273; x_wconf 86' lang='lat' dir='ltr'><strong>Doctor</strong></span> <span class='ocrx_word' id='word_1_76' title='bbox 1087 1215 1235 1283; x_wconf 84' lang='lat' dir='ltr'><strong>Mumer,</strong></span> <span class='ocrx_word' id='word_1_77' title='bbox 1254 1206 1340 1290; x_wconf 85' lang='lat' dir='ltr'><strong>quod</strong></span> 
     </span>
     <span class='ocr_line' id='line_1_10' title="bbox 202 1307 1340 1391; baseline -0.008 -17"><span class='ocrx_word' id='word_1_78' title='bbox 202 1333 267 1374; x_wconf 90' lang='lat' dir='ltr'><strong>non</strong></span> <span class='ocrx_word' id='word_1_79' title='bbox 284 1309 394 1382; x_wconf 86' lang='lat' dir='ltr'><strong>seivit,</strong></span> <span class='ocrx_word' id='word_1_80' title='bbox 431 1309 515 1387; x_wconf 86' lang='lat' dir='ltr'><strong>qnod</strong></span> <span class='ocrx_word' id='word_1_81' title='bbox 536 1310 585 1370; x_wconf 89' lang='lat' dir='ltr'><strong>fni</strong></span> <span class='ocrx_word' id='word_1_82' title='bbox 609 1311 772 1391; x_wconf 80' lang='lat' dir='ltr'><strong>Magister,</strong></span> <span class='ocrx_word' id='word_1_83' title='bbox 802 1323 833 1370; x_wconf 90' lang='lat' dir='ltr'><strong>et</strong></span> <span class='ocrx_word' id='word_1_84' title='bbox 849 1310 946 1370; x_wconf 78' lang='lat' dir='ltr'><strong>dixit:</strong></span> <span class='ocrx_word' id='word_1_85' title='bbox 976 1311 1015 1371; x_wconf 89' lang='lat' dir='ltr'><strong>de</strong></span> <span class='ocrx_word' id='word_1_86' title='bbox 1035 1312 1194 1373; x_wconf 86' lang='lat' dir='ltr'><strong>honestate</strong></span> <span class='ocrx_word' id='word_1_87' title='bbox 1212 1307 1340 1370; x_wconf 84' lang='lat' dir='ltr'><strong>Ioannis</strong></span> 
     </span>
    </p>
   </div>
   <div class='ocr_carea' id='block_1_3' title="bbox 202 1409 1430 1489">
    <p class='ocr_par' dir='ltr' id='par_1_3' title="bbox 202 1409 1430 1489">
     <span class='ocr_line' id='line_1_11' title="bbox 202 1409 1430 1489; baseline -0.008 -17"><span class='ocrx_word' id='word_1_88' title='bbox 202 1411 484 1487; x_wconf 79' lang='lat' dir='ltr'><strong>Piefferkornnon</strong></span> <span class='ocrx_word' id='word_1_89' title='bbox 504 1409 635 1469; x_wconf 86' lang='lat' dir='ltr'><strong>multum</strong></span> <span class='ocrx_word' id='word_1_90' title='bbox 657 1410 779 1484; x_wconf 85' lang='lat' dir='ltr'><strong>audiri,</strong></span> <span class='ocrx_word' id='word_1_91' title='bbox 806 1409 860 1470; x_wconf 88' lang='lat' dir='ltr'><strong>sed</strong></span> <span class='ocrx_word' id='word_1_92' title='bbox 881 1410 963 1489; x_wconf 90' lang='lat' dir='ltr'><strong>quod</strong></span> <span class='ocrx_word' id='word_1_93' title='bbox 983 1410 1027 1470; x_wconf 89' lang='lat' dir='ltr'><strong>de</strong></span> <span class='ocrx_word' id='word_1_94' title='bbox 1044 1431 1081 1471; x_wconf 91' lang='lat' dir='ltr'><strong>eo</strong></span> <span class='ocrx_word' id='word_1_95' title='bbox 1102 1409 1228 1483; x_wconf 80' lang='lat' dir='ltr'><strong>audivi,</strong></span> <span class='ocrx_word' id='word_1_96' title='bbox 1257 1409 1341 1468; x_wconf 88' lang='lat' dir='ltr'><strong>bene</strong></span> <span class='ocrx_word' id='word_1_97' title='bbox 1429 1472 1430 1478; x_wconf 7' lang='grc' dir='ltr'>χ</span> 
     </span>
    </p>
   </div>
   <div class='ocr_carea' id='block_1_4' title="bbox 127 1497 1430 1694">
    <p class='ocr_par' dir='ltr' id='par_1_4' title="bbox 127 1497 1430 1694">
     <span class='ocr_line' id='line_1_12' title="bbox 127 1497 1430 1595; baseline -0.007 -24"><span class='ocrx_word' id='word_1_98' title='bbox 127 1513 134 1525; x_wconf 89' lang='grc'><strong>’</strong></span> <span class='ocrx_word' id='word_1_99' title='bbox 202 1530 329 1595; x_wconf 88' lang='lat' dir='ltr'><strong>possum</strong></span> <span class='ocrx_word' id='word_1_100' title='bbox 350 1507 469 1586; x_wconf 89' lang='lat' dir='ltr'><strong>dicere,</strong></span> <span class='ocrx_word' id='word_1_101' title='bbox 503 1509 603 1590; x_wconf 87' lang='lat' dir='ltr'><strong>quod,</strong></span> <span class='ocrx_word' id='word_1_102' title='bbox 638 1507 699 1567; x_wconf 87' lang='lat' dir='ltr'><strong>nisi</strong></span> <span class='ocrx_word' id='word_1_103' title='bbox 719 1508 828 1570; x_wconf 79' lang='lat' dir='ltr'><strong>ludaei</strong></span> <span class='ocrx_word' id='word_1_104' title='bbox 856 1509 1025 1571; x_wconf 89' lang='lat' dir='ltr'><strong>voluissent</strong></span> <span class='ocrx_word' id='word_1_105' title='bbox 1052 1531 1124 1570; x_wconf 86' lang='lat' dir='ltr'><strong>eum</strong></span> <span class='ocrx_word' id='word_1_106' title='bbox 1152 1506 1340 1569; x_wconf 85' lang='lat' dir='ltr'><strong>mortificare</strong></span> <span class='ocrx_word' id='word_1_107' title='bbox 1429 1497 1430 1520; x_wconf 76' lang='lat'>³</span> 
     </span>
     <span class='ocr_line' id='line_1_13' title="bbox 201 1607 1338 1694; baseline -0.008 -23"><span class='ocrx_word' id='word_1_108' title='bbox 201 1620 332 1694; x_wconf 88' lang='lat' dir='ltr'><strong>propter</strong></span> <span class='ocrx_word' id='word_1_109' title='bbox 352 1609 503 1669; x_wconf 85' lang='lat' dir='ltr'><strong>maleficia</strong></span> <span class='ocrx_word' id='word_1_110' title='bbox 523 1629 593 1682; x_wconf 87' lang='lat' dir='ltr'><strong>sua,</strong></span> <span class='ocrx_word' id='word_1_111' title='bbox 619 1607 686 1688; x_wconf 88' lang='lat' dir='ltr'><strong>ipse</strong></span> <span class='ocrx_word' id='word_1_112' title='bbox 705 1625 864 1688; x_wconf 73' lang='lat' dir='ltr'><strong>nunqnam</strong></span> <span class='ocrx_word' id='word_1_113' title='bbox 885 1609 994 1668; x_wconf 84' lang='lat' dir='ltr'><strong>fnisset</strong></span> <span class='ocrx_word' id='word_1_114' title='bbox 1010 1609 1112 1670; x_wconf 68' lang='lat' dir='ltr'><strong>vfaetus</strong></span> <span class='ocrx_word' id='word_1_115' title='bbox 1134 1607 1338 1670; x_wconf 86' lang='lat' dir='ltr'><strong>Christianus.</strong></span> 
     </span>
    </p>
   </div>
   <div class='ocr_carea' id='block_1_5' title="bbox 87 1701 1431 1888">
    <p class='ocr_par' dir='ltr' id='par_1_5' title="bbox 87 1701 1431 1888">
     <span class='ocr_line' id='line_1_14' title="bbox 201 1701 1431 1789; baseline -0.011 -18"><span class='ocrx_word' id='word_1_116' title='bbox 201 1713 244 1772; x_wconf 86' lang='lat' dir='ltr'><strong>Et</strong></span> <span class='ocrx_word' id='word_1_117' title='bbox 258 1711 374 1783; x_wconf 70' lang='lat' dir='ltr'><strong>dixit,</strong></span> <span class='ocrx_word' id='word_1_118' title='bbox 395 1709 477 1789; x_wconf 90' lang='lat' dir='ltr'><strong>qnod</strong></span> <span class='ocrx_word' id='word_1_119' title='bbox 503 1706 628 1788; x_wconf 87' lang='lat' dir='ltr'><strong>quidam</strong></span> <span class='ocrx_word' id='word_1_120' title='bbox 656 1707 789 1768; x_wconf 86' lang='lat' dir='ltr'><strong>Judaeus</strong></span> <span class='ocrx_word' id='word_1_121' title='bbox 809 1707 888 1772; x_wconf 81' lang='lat' dir='ltr'><strong>dixit</strong></span> <span class='ocrx_word' id='word_1_122' title='bbox 907 1707 982 1767; x_wconf 81' lang='lat' dir='ltr'><strong>sibi:</strong></span> <span class='ocrx_word' id='word_1_123' title='bbox 1022 1710 1117 1781; x_wconf 90' lang='lat' dir='ltr'><strong>Eece,</strong></span> <span class='ocrx_word' id='word_1_124' title='bbox 1153 1705 1234 1767; x_wconf 89' lang='lat' dir='ltr'><strong>illud</strong></span> <span class='ocrx_word' id='word_1_125' title='bbox 1253 1701 1340 1784; x_wconf 65' lang='lat' dir='ltr'><strong>quod,</strong></span> <span class='ocrx_word' id='word_1_126' title='bbox 1430 1764 1431 1772; x_wconf 8' lang='grc' dir='ltr'>χ</span> 
     </span>
     <span class='ocr_line' id='line_1_15' title="bbox 87 1797 1431 1888; baseline -0.005 -18"><span class='ocrx_word' id='word_1_127' title='bbox 87 1811 90 1823; x_wconf 67' lang='grc'><strong>“</strong></span> <span class='ocrx_word' id='word_1_128' title='bbox 202 1829 269 1886; x_wconf 77' lang='lat' dir='ltr'><strong>non</strong></span> <span class='ocrx_word' id='word_1_129' title='bbox 287 1809 372 1869; x_wconf 85' lang='lat' dir='ltr'><strong>valet</strong></span> <span class='ocrx_word' id='word_1_130' title='bbox 393 1809 478 1888; x_wconf 89' lang='lat' dir='ltr'><strong>apud</strong></span> <span class='ocrx_word' id='word_1_131' title='bbox 497 1807 641 1880; x_wconf 80' lang='lat' dir='ltr'><strong>ludaeos,</strong></span> <span class='ocrx_word' id='word_1_132' title='bbox 682 1807 800 1870; x_wconf 79' lang='lat' dir='ltr'><strong>bonurn</strong></span> <span class='ocrx_word' id='word_1_133' title='bbox 828 1816 874 1866; x_wconf 88' lang='lat' dir='ltr'><strong>est</strong></span> <span class='ocrx_word' id='word_1_134' title='bbox 901 1806 985 1887; x_wconf 90' lang='lat' dir='ltr'><strong>apud</strong></span> <span class='ocrx_word' id='word_1_135' title='bbox 1006 1807 1205 1868; x_wconf 79' lang='lat' dir='ltr'><strong>Christianos.</strong></span> <span class='ocrx_word' id='word_1_136' title='bbox 1268 1799 1339 1864; x_wconf 80' lang='lat' dir='ltr'><strong>Nos</strong></span> <span class='ocrx_word' id='word_1_137' title='bbox 1430 1797 1431 1806; x_wconf 39' lang='lat'>¹</span> 
     </span>
    </p>
   </div>
   <div class='ocr_carea' id='block_1_6' title="bbox 93 1901 1379 4375">
    <p class='ocr_par' dir='ltr' id='par_1_6' title="bbox 93 1901 1379 4375">
     <span class='ocr_line' id='line_1_16' title="bbox 203 1901 1339 1987; baseline -0.006 -18"><span class='ocrx_word' id='word_1_138' title='bbox 203 1909 360 1970; x_wconf 83' lang='lat' dir='ltr'><strong>voluimus</strong></span> <span class='ocrx_word' id='word_1_139' title='bbox 381 1908 421 1966; x_wconf 87' lang='lat' dir='ltr'><strong>ad</strong></span> <span class='ocrx_word' id='word_1_140' title='bbox 443 1917 573 1967; x_wconf 88' lang='lat' dir='ltr'><strong>mortem</strong></span> <span class='ocrx_word' id='word_1_141' title='bbox 600 1905 739 1984; x_wconf 87' lang='lat' dir='ltr'><strong>judicare</strong></span> <span class='ocrx_word' id='word_1_142' title='bbox 766 1906 859 1966; x_wconf 88' lang='lat' dir='ltr'><strong>istum</strong></span> <span class='ocrx_word' id='word_1_143' title='bbox 883 1906 1129 1987; x_wconf 61' lang='lat' dir='ltr'><strong>malefactorem</strong></span> <span class='ocrx_word' id='word_1_144' title='bbox 1168 1925 1224 1966; x_wconf 89' lang='lat' dir='ltr'><strong>ves</strong></span> <span class='ocrx_word' id='word_1_145' title='bbox 1243 1901 1339 1964; x_wconf 63' lang='lat' dir='ltr'><strong>Clari-⁴</strong></span> 
     </span>
     <span class='ocr_line' id='line_1_17' title="bbox 202 1996 1339 2091; baseline -0.01 -21"><span class='ocrx_word' id='word_1_146' title='bbox 202 2008 297 2070; x_wconf 87' lang='lat' dir='ltr'><strong>atiani</strong></span> <span class='ocrx_word' id='word_1_147' title='bbox 316 2005 435 2066; x_wconf 89' lang='lat' dir='ltr'><strong>habetis</strong></span> <span class='ocrx_word' id='word_1_148' title='bbox 456 2026 527 2066; x_wconf 88' lang='lat' dir='ltr'><strong>enm</strong></span> <span class='ocrx_word' id='word_1_149' title='bbox 549 2007 583 2065; x_wconf 91' lang='lat' dir='ltr'><strong>in</strong></span> <span class='ocrx_word' id='word_1_150' title='bbox 606 2004 741 2080; x_wconf 87' lang='lat' dir='ltr'><strong>honore,</strong></span> <span class='ocrx_word' id='word_1_151' title='bbox 772 2004 860 2085; x_wconf 85' lang='lat' dir='ltr'><strong>quasi</strong></span> <span class='ocrx_word' id='word_1_152' title='bbox 880 2018 958 2066; x_wconf 88' lang='lat' dir='ltr'><strong>esset</strong></span> <span class='ocrx_word' id='word_1_153' title='bbox 977 1996 1071 2065; x_wconf 79' lang='lat' dir='ltr'><strong>hoino</strong></span> <span class='ocrx_word' id='word_1_154' title='bbox 1091 2006 1206 2091; x_wconf 88' lang='lat' dir='ltr'><strong>probus</strong></span> <span class='ocrx_word' id='word_1_155' title='bbox 1229 2013 1260 2062; x_wconf 88' lang='lat' dir='ltr'><strong>et</strong></span> <span class='ocrx_word' id='word_1_156' title='bbox 1281 2001 1339 2061; x_wconf 92' lang='lat' dir='ltr'><strong>do-</strong></span> 
     </span>
     <span class='ocr_line' id='line_1_18' title="bbox 205 2102 1344 2185; baseline -0.009 -17"><span class='ocrx_word' id='word_1_157' title='bbox 205 2120 289 2182; x_wconf 79' lang='lat' dir='ltr'><strong>etus,</strong></span> <span class='ocrx_word' id='word_1_158' title='bbox 327 2125 397 2166; x_wconf 87' lang='lat' dir='ltr'><strong>eum</strong></span> <span class='ocrx_word' id='word_1_159' title='bbox 426 2115 531 2164; x_wconf 87' lang='lat' dir='ltr'><strong>tamen</strong></span> <span class='ocrx_word' id='word_1_160' title='bbox 550 2103 679 2177; x_wconf 83' lang='lat' dir='ltr'><strong>videtis,</strong></span> <span class='ocrx_word' id='word_1_161' title='bbox 704 2105 930 2185; x_wconf 80' lang='lat' dir='ltr'><strong>propterquid</strong></span> <span class='ocrx_word' id='word_1_162' title='bbox 950 2115 996 2166; x_wconf 88' lang='lat' dir='ltr'><strong>est</strong></span> <span class='ocrx_word' id='word_1_163' title='bbox 1016 2105 1115 2166; x_wconf 84' lang='lat' dir='ltr'><strong>faetus</strong></span> <span class='ocrx_word' id='word_1_164' title='bbox 1134 2102 1344 2164; x_wconf 68' lang='lat' dir='ltr'><strong>Christianum</strong></span> 
     </span>
     <span class='ocr_line' id='line_1_19' title="bbox 203 2200 1345 2286; baseline -0.009 -18"><span class='ocrx_word' id='word_1_165' title='bbox 203 2207 253 2269; x_wconf 89' lang='lat' dir='ltr'><strong>Ibi</strong></span> <span class='ocrx_word' id='word_1_166' title='bbox 274 2226 330 2286; x_wconf 80' lang='lat' dir='ltr'><strong>ego</strong></span> <span class='ocrx_word' id='word_1_167' title='bbox 352 2205 515 2284; x_wconf 83' lang='lat' dir='ltr'><strong>respondi:</strong></span> <span class='ocrx_word' id='word_1_168' title='bbox 556 2203 693 2263; x_wconf 86' lang='lat' dir='ltr'><strong>Domine</strong></span> <span class='ocrx_word' id='word_1_169' title='bbox 714 2207 849 2278; x_wconf 87' lang='lat' dir='ltr'><strong>Doctor,</strong></span> <span class='ocrx_word' id='word_1_170' title='bbox 870 2203 1001 2267; x_wconf 89' lang='lat' dir='ltr'><strong>audiatis</strong></span> <span class='ocrx_word' id='word_1_171' title='bbox 1023 2205 1187 2265; x_wconf 88' lang='lat' dir='ltr'><strong>modicum.</strong></span> <span class='ocrx_word' id='word_1_172' title='bbox 1227 2200 1345 2262; x_wconf 78' lang='lat' dir='ltr'><strong>ludaei.</strong></span> 
     </span>
     <span class='ocr_line' id='line_1_20' title="bbox 204 2300 1339 2385; baseline -0.007 -17"><span class='ocrx_word' id='word_1_173' title='bbox 204 2305 326 2368; x_wconf 82' lang='lat' dir='ltr'><strong>iaciunt</strong></span> <span class='ocrx_word' id='word_1_174' title='bbox 348 2303 497 2382; x_wconf 87' lang='lat' dir='ltr'><strong>injuriam</strong></span> <span class='ocrx_word' id='word_1_175' title='bbox 517 2305 628 2364; x_wconf 86' lang='lat' dir='ltr'><strong>loanni</strong></span> <span class='ocrx_word' id='word_1_176' title='bbox 648 2303 857 2378; x_wconf 82' lang='lat' dir='ltr'><strong>Pfefferkorn,</strong></span> <span class='ocrx_word' id='word_1_177' title='bbox 878 2304 950 2383; x_wconf 90' lang='lat' dir='ltr'><strong>quia</strong></span> <span class='ocrx_word' id='word_1_178' title='bbox 964 2325 1122 2385; x_wconf 87' lang='lat' dir='ltr'><strong>nunquam</strong></span> <span class='ocrx_word' id='word_1_179' title='bbox 1142 2301 1261 2364; x_wconf 82' lang='lat' dir='ltr'><strong>furavit</strong></span> <span class='ocrx_word' id='word_1_180' title='bbox 1277 2300 1339 2360; x_wconf 88' lang='lat' dir='ltr'><strong>ali-</strong></span> 
     </span>
     <span class='ocr_line' id='line_1_21' title="bbox 204 2387 1339 2488; baseline -0.006 -22"><span class='ocrx_word' id='word_1_181' title='bbox 204 2405 310 2488; x_wconf 80' lang='lat' dir='ltr'><strong>quid,</strong></span> <span class='ocrx_word' id='word_1_182' title='bbox 332 2403 535 2482; x_wconf 83' lang='lat' dir='ltr'><strong>nequemale</strong></span> <span class='ocrx_word' id='word_1_183' title='bbox 555 2403 649 2476; x_wconf 88' lang='lat' dir='ltr'><strong>fecit,</strong></span> <span class='ocrx_word' id='word_1_184' title='bbox 671 2404 764 2464; x_wconf 90' lang='lat' dir='ltr'><strong>etiam</strong></span> <span class='ocrx_word' id='word_1_185' title='bbox 786 2402 909 2484; x_wconf 88' lang='lat' dir='ltr'><strong>quando</strong></span> <span class='ocrx_word' id='word_1_186' title='bbox 930 2403 993 2464; x_wconf 89' lang='lat' dir='ltr'><strong>fuit</strong></span> <span class='ocrx_word' id='word_1_187' title='bbox 1011 2387 1160 2477; x_wconf 74' lang='lat' dir='ltr'><strong>ledaeos,</strong></span> <span class='ocrx_word' id='word_1_188' title='bbox 1193 2404 1272 2462; x_wconf 89' lang='lat' dir='ltr'><strong>sicut</strong></span> <span class='ocrx_word' id='word_1_189' title='bbox 1293 2407 1339 2460; x_wconf 90' lang='lat' dir='ltr'><strong>est</strong></span> 
     </span>
     <span class='ocr_line' id='line_1_22' title="bbox 203 2502 1339 2588; baseline -0.005 -24"><span class='ocrx_word' id='word_1_190' title='bbox 203 2507 257 2588; x_wconf 89' lang='lat' dir='ltr'><strong>pie</strong></span> <span class='ocrx_word' id='word_1_191' title='bbox 277 2503 477 2568; x_wconf 83' lang='lat' dir='ltr'><strong>eredendum.</strong></span> <span class='ocrx_word' id='word_1_192' title='bbox 530 2503 570 2563; x_wconf 91' lang='lat' dir='ltr'><strong>Et</strong></span> <span class='ocrx_word' id='word_1_193' title='bbox 592 2504 673 2583; x_wconf 86' lang='lat' dir='ltr'><strong>qnod</strong></span> <span class='ocrx_word' id='word_1_194' title='bbox 694 2504 755 2565; x_wconf 91' lang='lat' dir='ltr'><strong>hoo</strong></span> <span class='ocrx_word' id='word_1_195' title='bbox 773 2504 813 2562; x_wconf 91' lang='lat' dir='ltr'><strong>sit</strong></span> <span class='ocrx_word' id='word_1_196' title='bbox 833 2522 961 2576; x_wconf 84' lang='lat' dir='ltr'><strong>verum,</strong></span> <span class='ocrx_word' id='word_1_197' title='bbox 989 2503 1124 2565; x_wconf 84' lang='lat' dir='ltr'><strong>debetur</strong></span> <span class='ocrx_word' id='word_1_198' title='bbox 1142 2502 1236 2576; x_wconf 87' lang='lat' dir='ltr'><strong>scire,</strong></span> <span class='ocrx_word' id='word_1_199' title='bbox 1257 2507 1339 2580; x_wconf 58' lang='lat' dir='ltr'><strong>quo*</strong></span> 
     </span>
     <span class='ocr_line' id='line_1_23' title="bbox 204 2597 1338 2682; baseline -0.008 -16"><span class='ocrx_word' id='word_1_200' title='bbox 204 2604 298 2666; x_wconf 91' lang='lat' dir='ltr'><strong>modo</strong></span> <span class='ocrx_word' id='word_1_201' title='bbox 321 2602 383 2663; x_wconf 88' lang='lat' dir='ltr'><strong>duo</strong></span> <span class='ocrx_word' id='word_1_202' title='bbox 404 2599 513 2663; x_wconf 84' lang='lat' dir='ltr'><strong>Iudaei</strong></span> <span class='ocrx_word' id='word_1_203' title='bbox 532 2603 628 2664; x_wconf 88' lang='lat' dir='ltr'><strong>semel</strong></span> <span class='ocrx_word' id='word_1_204' title='bbox 649 2604 819 2664; x_wconf 86' lang='lat' dir='ltr'><strong>voluerunt</strong></span> <span class='ocrx_word' id='word_1_205' title='bbox 835 2603 865 2662; x_wconf 88' lang='lat' dir='ltr'><strong>ei</strong></span> <span class='ocrx_word' id='word_1_206' title='bbox 887 2602 1048 2682; x_wconf 85' lang='lat' dir='ltr'><strong>imponere</strong></span> <span class='ocrx_word' id='word_1_207' title='bbox 1068 2601 1229 2663; x_wconf 78' lang='lat' dir='ltr'><strong>infamiam</strong></span> <span class='ocrx_word' id='word_1_208' title='bbox 1247 2597 1338 2672; x_wconf 85' lang='lat' dir='ltr'><strong>furti,</strong></span> 
     </span>
     <span class='ocr_line' id='line_1_24' title="bbox 204 2699 1344 2783; baseline -0.008 -17"><span class='ocrx_word' id='word_1_209' title='bbox 204 2705 259 2766; x_wconf 90' lang='lat' dir='ltr'><strong>sed</strong></span> <span class='ocrx_word' id='word_1_210' title='bbox 281 2723 322 2763; x_wconf 85' lang='lat' dir='ltr'><strong>ex</strong></span> <span class='ocrx_word' id='word_1_211' title='bbox 341 2701 462 2770; x_wconf 86' lang='lat' dir='ltr'><strong>invidia</strong></span> <span class='ocrx_word' id='word_1_212' title='bbox 483 2700 632 2763; x_wconf 73' lang='lat' dir='ltr'><strong>duntaxat</strong></span> <span class='ocrx_word' id='word_1_213' title='bbox 653 2712 685 2762; x_wconf 89' lang='lat' dir='ltr'><strong>et</strong></span> <span class='ocrx_word' id='word_1_214' title='bbox 705 2701 873 2762; x_wconf 82' lang='lat' dir='ltr'><strong>execrabili</strong></span> <span class='ocrx_word' id='word_1_215' title='bbox 892 2702 1018 2762; x_wconf 87' lang='lat' dir='ltr'><strong>malitia.</strong></span> <span class='ocrx_word' id='word_1_216' title='bbox 1060 2705 1150 2764; x_wconf 81' lang='lat' dir='ltr'><strong>Tune</strong></span> <span class='ocrx_word' id='word_1_217' title='bbox 1171 2700 1239 2783; x_wconf 89' lang='lat' dir='ltr'><strong>ipse</strong></span> <span class='ocrx_word' id='word_1_218' title='bbox 1260 2699 1344 2758; x_wconf 76' lang='lat' dir='ltr'><strong>eita-.</strong></span> 
     </span>
     <span class='ocr_line' id='line_1_25' title="bbox 204 2783 1379 2882; baseline -0.009 -16"><span class='ocrx_word' id='word_1_219' title='bbox 204 2804 253 2866; x_wconf 83' lang='lat' dir='ltr'><strong>vit</strong></span> <span class='ocrx_word' id='word_1_220' title='bbox 276 2783 328 2862; x_wconf 84' lang='lat' dir='ltr'><strong>eds</strong></span> <span class='ocrx_word' id='word_1_221' title='bbox 349 2800 389 2859; x_wconf 90' lang='lat' dir='ltr'><strong>ad</strong></span> <span class='ocrx_word' id='word_1_222' title='bbox 409 2798 568 2862; x_wconf 77' lang='lat' dir='ltr'><strong>Camenam</strong></span> <span class='ocrx_word' id='word_1_223' title='bbox 587 2801 800 2880; x_wconf 87' lang='lat' dir='ltr'><strong>Imperialem,</strong></span> <span class='ocrx_word' id='word_1_224' title='bbox 829 2813 861 2860; x_wconf 89' lang='lat' dir='ltr'><strong>et</strong></span> <span class='ocrx_word' id='word_1_225' title='bbox 878 2801 1031 2865; x_wconf 87' lang='lat' dir='ltr'><strong>dederunt</strong></span> <span class='ocrx_word' id='word_1_226' title='bbox 1049 2802 1109 2863; x_wconf 85' lang='lat' dir='ltr'><strong>sibi</strong></span> <span class='ocrx_word' id='word_1_227' title='bbox 1127 2801 1252 2882; x_wconf 83' lang='lat' dir='ltr'><strong>triginta</strong></span> <span class='ocrx_word' id='word_1_228' title='bbox 1277 2798 1338 2858; x_wconf 88' lang='lat' dir='ltr'><strong>ilo-</strong></span> <span class='ocrx_word' id='word_1_229' title='bbox 1375 2843 1379 2850; x_wconf 91' lang='lat'>.</span> 
     </span>
     <span class='ocr_line' id='line_1_26' title="bbox 194 2897 1338 2990; baseline -0.006 -27"><span class='ocrx_word' id='word_1_230' title='bbox 194 2921 298 2990; x_wconf 23' lang='lat' dir='ltr'><strong>&#39;renos</strong></span> <span class='ocrx_word' id='word_1_231' title='bbox 317 2919 375 2982; x_wconf 87' lang='lat' dir='ltr'><strong>pro</strong></span> <span class='ocrx_word' id='word_1_232' title='bbox 388 2897 548 2980; x_wconf 84' lang='lat' dir='ltr'><strong>expensis,</strong></span> <span class='ocrx_word' id='word_1_233' title='bbox 569 2901 653 2979; x_wconf 86' lang='lat' dir='ltr'><strong>qued</strong></span> <span class='ocrx_word' id='word_1_234' title='bbox 676 2901 739 2961; x_wconf 87' lang='lat' dir='ltr'><strong>fuit</strong></span> <span class='ocrx_word' id='word_1_235' title='bbox 760 2912 929 2964; x_wconf 84' lang='lat' dir='ltr'><strong>contentus.</strong></span> <span class='ocrx_word' id='word_1_236' title='bbox 968 2902 1224 2964; x_wconf 62' lang='lat' dir='ltr'><strong>Etiam&#39;loannes</strong></span> <span class='ocrx_word' id='word_1_237' title='bbox 1244 2897 1338 2958; x_wconf 86' lang='lat' dir='ltr'><strong>Pfef-</strong></span> 
     </span>
     <span class='ocr_line' id='line_1_27' title="bbox 93 2997 1337 3088; baseline -0.009 -23"><span class='ocrx_word' id='word_1_238' title='bbox 93 3083 99 3088; x_wconf 73' lang='lat'>.</span> <span class='ocrx_word' id='word_1_239' title='bbox 159 3007 164 3013; x_wconf 79' lang='grc'><em>’</em></span> <span class='ocrx_word' id='word_1_240' title='bbox 192 3002 339 3064; x_wconf 69' lang='lat' dir='ltr'><strong>‹ierkorn</strong></span> <span class='ocrx_word' id='word_1_241' title='bbox 358 3007 448 3060; x_wconf 87' lang='lat' dir='ltr'><strong>natus</strong></span> <span class='ocrx_word' id='word_1_242' title='bbox 476 3010 521 3056; x_wconf 87' lang='lat' dir='ltr'><strong>est</strong></span> <span class='ocrx_word' id='word_1_243' title='bbox 548 2999 630 3059; x_wconf 90' lang='lat' dir='ltr'><strong>bona</strong></span> <span class='ocrx_word' id='word_1_244' title='bbox 658 3001 817 3080; x_wconf 83' lang='lat' dir='ltr'><strong>progenie.</strong></span> <span class='ocrx_word' id='word_1_245' title='bbox 846 3047 847 3054; x_wconf 16' lang='grc' dir='ltr'><strong>κ</strong></span> <span class='ocrx_word' id='word_1_246' title='bbox 879 3001 941 3064; x_wconf 88' lang='lat' dir='ltr'><strong>Sed</strong></span> <span class='ocrx_word' id='word_1_247' title='bbox 960 3002 1083 3082; x_wconf 89' lang='lat' dir='ltr'><strong>qnando</strong></span> <span class='ocrx_word' id='word_1_248' title='bbox 1109 3000 1173 3061; x_wconf 84' lang='lat' dir='ltr'><strong>fuit</strong></span> <span class='ocrx_word' id='word_1_249' title='bbox 1193 2997 1337 3068; x_wconf 82' lang='lat' dir='ltr'><strong>Iudaeus,</strong></span> 
     </span>
     <span class='ocr_line' id='line_1_28' title="bbox 117 3094 1338 3188; baseline -0.007 -26"><span class='ocrx_word' id='word_1_250' title='bbox 117 3094 121 3106; x_wconf 65' lang='grc'><em>’</em></span> <span class='ocrx_word' id='word_1_251' title='bbox 206 3099 360 3188; x_wconf 79' lang='lat' dir='ltr'><strong>fuitsicut</strong></span> <span class='ocrx_word' id='word_1_252' title='bbox 376 3097 559 3161; x_wconf 76' lang='lat' dir='ltr'><strong>aliiludaei.</strong></span> <span class='ocrx_word' id='word_1_253' title='bbox 602 3101 686 3177; x_wconf 90' lang='lat' dir='ltr'><strong>Quia</strong></span> <span class='ocrx_word' id='word_1_254' title='bbox 708 3108 744 3160; x_wconf 88' lang='lat' dir='ltr'><strong>ut</strong></span> <span class='ocrx_word' id='word_1_255' title='bbox 766 3102 970 3163; x_wconf 86' lang='lat' dir='ltr'><strong>communiter</strong></span> <span class='ocrx_word' id='word_1_256' title='bbox 989 3101 1118 3162; x_wconf 86' lang='lat' dir='ltr'><strong>dicitur:</strong></span> <span class='ocrx_word' id='word_1_257' title='bbox 1149 3099 1213 3177; x_wconf 89' lang='lat' dir='ltr'><strong>Qui</strong></span> <span class='ocrx_word' id='word_1_258' title='bbox 1227 3095 1338 3157; x_wconf 80' lang='lat' dir='ltr'><strong>estin·</strong></span> 
     </span>
     <span class='ocr_line' id='line_1_29' title="bbox 205 3195 1338 3283; baseline -0.006 -24"><span class='ocrx_word' id='word_1_259' title='bbox 205 3213 254 3262; x_wconf 83' lang='lat' dir='ltr'><strong>ter</strong></span> <span class='ocrx_word' id='word_1_260' title='bbox 281 3199 388 3278; x_wconf 87' lang='lat' dir='ltr'><strong>lupos,</strong></span> <span class='ocrx_word' id='word_1_261' title='bbox 424 3200 688 3278; x_wconf 85' lang='lat' dir='ltr'><strong>oportet·nlulare</strong></span> <span class='ocrx_word' id='word_1_262' title='bbox 714 3220 785 3263; x_wconf 83' lang='lat' dir='ltr'><strong>cum</strong></span> <span class='ocrx_word' id='word_1_263' title='bbox 812 3201 905 3283; x_wconf 89' lang='lat' dir='ltr'><strong>lupis.</strong></span> <span class='ocrx_word' id='word_1_264' title='bbox 953 3202 1059 3270; x_wconf 47' lang='lat' dir='ltr'><strong>*Nunc</strong></span> <span class='ocrx_word' id='word_1_265' title='bbox 1079 3208 1182 3260; x_wconf 87' lang='lat' dir='ltr'><strong>autem</strong></span> <span class='ocrx_word' id='word_1_266' title='bbox 1204 3195 1338 3256; x_wconf 87' lang='lat' dir='ltr'><strong>eomedit</strong></span> 
     </span>
     <span class='ocr_line' id='line_1_30' title="bbox 206 3297 1338 3380; baseline -0.006 -20"><span class='ocrx_word' id='word_1_267' title='bbox 206 3317 313 3362; x_wconf 81' lang='lat' dir='ltr'><strong>carnes</strong></span> <span class='ocrx_word' id='word_1_268' title='bbox 334 3297 373 3358; x_wconf 92' lang='lat' dir='ltr'><strong>de</strong></span> <span class='ocrx_word' id='word_1_269' title='bbox 393 3317 505 3378; x_wconf 86' lang='lat' dir='ltr'><strong>porca,</strong></span> <span class='ocrx_word' id='word_1_270' title='bbox 542 3307 572 3360; x_wconf 89' lang='lat' dir='ltr'><strong>et</strong></span> <span class='ocrx_word' id='word_1_271' title='bbox 598 3299 674 3362; x_wconf 84' lang='lat' dir='ltr'><strong>facit</strong></span> <span class='ocrx_word' id='word_1_272' title='bbox 693 3299 773 3361; x_wconf 88' lang='lat' dir='ltr'><strong>sieut</strong></span> <span class='ocrx_word' id='word_1_273' title='bbox 790 3302 889 3363; x_wconf 91' lang='lat' dir='ltr'><strong>bonus</strong></span> <span class='ocrx_word' id='word_1_274' title='bbox 910 3301 1111 3362; x_wconf 84' lang='lat' dir='ltr'><strong>Christianus.</strong></span> <span class='ocrx_word' id='word_1_275' title='bbox 1173 3299 1265 3360; x_wconf 83' lang='lat' dir='ltr'><strong>Tune</strong></span> <span class='ocrx_word' id='word_1_276' title='bbox 1284 3316 1338 3380; x_wconf 78' lang='lat' dir='ltr'><strong>re·</strong></span> 
     </span>
     <span class='ocr_line' id='line_1_31' title="bbox 205 3395 1338 3481; baseline -0.007 -21"><span class='ocrx_word' id='word_1_277' title='bbox 205 3397 332 3481; x_wconf 84' lang='lat' dir='ltr'><strong>spondit</strong></span> <span class='ocrx_word' id='word_1_278' title='bbox 357 3397 573 3463; x_wconf 75' lang='lat' dir='ltr'><strong>D.‚Murner:</strong></span> <span class='ocrx_word' id='word_1_279' title='bbox 614 3398 756 3459; x_wconf 89' lang='lat' dir='ltr'><strong>Comedit</strong></span> <span class='ocrx_word' id='word_1_280' title='bbox 788 3401 987 3462; x_wconf 80' lang='lat' dir='ltr'><strong>Piefferlrorn</strong></span> <span class='ocrx_word' id='word_1_281' title='bbox 1021 3400 1113 3460; x_wconf 85' lang='lat' dir='ltr'><strong>etiam</strong></span> <span class='ocrx_word' id='word_1_282' title='bbox 1147 3395 1338 3459; x_wconf 67' lang='lat' dir='ltr'><strong>sarcimine?</strong></span> 
     </span>
     <span class='ocr_line' id='line_1_32' title="bbox 205 3496 1337 3582; baseline -0.009 -20"><span class='ocrx_word' id='word_1_283' title='bbox 205 3497 367 3580; x_wconf 87' lang='lat' dir='ltr'><strong>Respondi</strong></span> <span class='ocrx_word' id='word_1_284' title='bbox 386 3515 457 3576; x_wconf 77' lang='lat' dir='ltr'><strong>egos</strong></span> <span class='ocrx_word' id='word_1_285' title='bbox 499 3497 570 3557; x_wconf 90' lang='lat' dir='ltr'><strong>Non</strong></span> <span class='ocrx_word' id='word_1_286' title='bbox 593 3498 659 3558; x_wconf 87' lang='lat' dir='ltr'><strong>vidi</strong></span> <span class='ocrx_word' id='word_1_287' title='bbox 683 3521 755 3562; x_wconf 88' lang='lat' dir='ltr'><strong>enm</strong></span> <span class='ocrx_word' id='word_1_288' title='bbox 775 3503 950 3576; x_wconf 84' lang='lat' dir='ltr'><strong>comedere,</strong></span> <span class='ocrx_word' id='word_1_289' title='bbox 990 3501 1044 3562; x_wconf 87' lang='lat' dir='ltr'><strong>sed</strong></span> <span class='ocrx_word' id='word_1_290' title='bbox 1064 3496 1337 3582; x_wconf 76' lang='lat' dir='ltr'><strong>praesupponitur,</strong></span> 
     </span>
     <span class='ocr_line' id='line_1_33' title="bbox 206 3596 1338 3680; baseline -0.004 -21"><span class='ocrx_word' id='word_1_291' title='bbox 206 3603 233 3662; x_wconf 89' lang='lat' dir='ltr'><strong>si</strong></span> <span class='ocrx_word' id='word_1_292' title='bbox 254 3597 387 3664; x_wconf 84' lang='lat' dir='ltr'><strong>comedit</strong></span> <span class='ocrx_word' id='word_1_293' title='bbox 401 3615 527 3676; x_wconf 72' lang='lat' dir='ltr'><strong>porcas,</strong></span> <span class='ocrx_word' id='word_1_294' title='bbox 548 3597 738 3676; x_wconf 85' lang='lat' dir='ltr'><strong>quodetiam</strong></span> <span class='ocrx_word' id='word_1_295' title='bbox 760 3602 893 3664; x_wconf 86' lang='lat' dir='ltr'><strong>comedit</strong></span> <span class='ocrx_word' id='word_1_296' title='bbox 911 3601 982 3674; x_wconf 90' lang='lat' dir='ltr'><strong>illa,</strong></span> <span class='ocrx_word' id='word_1_297' title='bbox 1002 3620 1081 3680; x_wconf 88' lang='lat' dir='ltr'><strong>quae</strong></span> <span class='ocrx_word' id='word_1_298' title='bbox 1102 3596 1242 3658; x_wconf 85' lang='lat' dir='ltr'><strong>fiuntdc</strong></span> <span class='ocrx_word' id='word_1_299' title='bbox 1261 3614 1338 3678; x_wconf 85' lang='lat' dir='ltr'><strong>por·</strong></span> 
     </span>
     <span class='ocr_line' id='line_1_34' title="bbox 207 3696 1337 3776; baseline -0.007 -16"><span class='ocrx_word' id='word_1_300' title='bbox 207 3699 259 3760; x_wconf 88' lang='lat' dir='ltr'><strong>cis.</strong></span> <span class='ocrx_word' id='word_1_301' title='bbox 301 3696 394 3763; x_wconf 80' lang='lat' dir='ltr'><strong>Dixit</strong></span> <span class='ocrx_word' id='word_1_302' title='bbox 413 3697 494 3776; x_wconf 90' lang='lat' dir='ltr'><strong>ipse:</strong></span> <span class='ocrx_word' id='word_1_303' title='bbox 526 3696 605 3757; x_wconf 87' lang='lat' dir='ltr'><strong>bene</strong></span> <span class='ocrx_word' id='word_1_304' title='bbox 630 3699 794 3762; x_wconf 82' lang='lat' dir='ltr'><strong>excusastis</strong></span> <span class='ocrx_word' id='word_1_305' title='bbox 814 3702 962 3763; x_wconf 84' lang='lat' dir='ltr'><strong>Ioannem</strong></span> <span class='ocrx_word' id='word_1_306' title='bbox 982 3699 1201 3770; x_wconf 81' lang='lat' dir='ltr'><strong>Pfeiierlrorn,</strong></span> <span class='ocrx_word' id='word_1_307' title='bbox 1235 3696 1337 3755; x_wconf 83' lang='lat' dir='ltr'><strong>etin·</strong></span> 
     </span>
     <span class='ocr_line' id='line_1_35' title="bbox 208 3782 1336 3878; baseline -0.008 -16"><span class='ocrx_word' id='word_1_308' title='bbox 208 3797 392 3878; x_wconf 86' lang='lat' dir='ltr'><strong>terrogavit,</strong></span> <span class='ocrx_word' id='word_1_309' title='bbox 412 3782 440 3856; x_wconf 78' lang='lat' dir='ltr'><strong>si</strong></span> <span class='ocrx_word' id='word_1_310' title='bbox 461 3795 552 3857; x_wconf 80' lang='lat' dir='ltr'><strong>‘etiam</strong></span> <span class='ocrx_word' id='word_1_311' title='bbox 573 3798 674 3859; x_wconf 89' lang='lat' dir='ltr'><strong>adhue</strong></span> <span class='ocrx_word' id='word_1_312' title='bbox 692 3799 784 3860; x_wconf 88' lang='lat' dir='ltr'><strong>habet</strong></span> <span class='ocrx_word' id='word_1_313' title='bbox 803 3800 906 3858; x_wconf 86' lang='lat' dir='ltr'><strong>ambas</strong></span> <span class='ocrx_word' id='word_1_314' title='bbox 919 3799 1034 3859; x_wconf 77' lang='lat' dir='ltr'><strong>aures?</strong></span> <span class='ocrx_word' id='word_1_315' title='bbox 1051 3796 1220 3878; x_wconf 89' lang='lat' dir='ltr'><strong>Respondi,</strong></span> <span class='ocrx_word' id='word_1_316' title='bbox 1242 3793 1336 3874; x_wconf 81' lang='lat' dir='ltr'><strong>qnod,</strong></span> 
     </span>
     <span class='ocr_line' id='line_1_36' title="bbox 180 3894 1336 3984; baseline -0.008 -25"><span class='ocrx_word' id='word_1_317' title='bbox 180 3963 193 3984; x_wconf 61' lang='lat'><strong>·„</strong></span> <span class='ocrx_word' id='word_1_318' title='bbox 208 3899 332 3979; x_wconf 88' lang='lat' dir='ltr'><strong>quando</strong></span> <span class='ocrx_word' id='word_1_319' title='bbox 355 3916 411 3978; x_wconf 81' lang='lat' dir='ltr'><strong>ego</strong></span> <span class='ocrx_word' id='word_1_320' title='bbox 433 3895 534 3956; x_wconf 85' lang='lat' dir='ltr'><strong>adhue</strong></span> <span class='ocrx_word' id='word_1_321' title='bbox 553 3897 603 3957; x_wconf 81' lang='lat' dir='ltr'><strong>fui</strong></span> <span class='ocrx_word' id='word_1_322' title='bbox 627 3898 791 3974; x_wconf 82' lang='lat' dir='ltr'><strong>Coloniae,</strong></span> <span class='ocrx_word' id='word_1_323' title='bbox 812 3897 940 3974; x_wconf 85' lang='lat' dir='ltr'><strong>habuit,</strong></span> <span class='ocrx_word' id='word_1_324' title='bbox 968 3909 999 3960; x_wconf 89' lang='lat' dir='ltr'><strong>et</strong></span> <span class='ocrx_word' id='word_1_325' title='bbox 1019 3898 1125 3972; x_wconf 88' lang='lat' dir='ltr'><strong>eredo,</strong></span> <span class='ocrx_word' id='word_1_326' title='bbox 1145 3894 1336 3976; x_wconf 85' lang='lat' dir='ltr'><strong>quodetiam</strong></span> 
     </span>
     <span class='ocr_line' id='line_1_37' title="bbox 149 3991 1338 4079; baseline -0.007 -21"><span class='ocrx_word' id='word_1_327' title='bbox 149 3991 156 3994; x_wconf 57' lang='grc'><em>”</em></span> <span class='ocrx_word' id='word_1_328' title='bbox 207 3999 269 4079; x_wconf 84' lang='lat' dir='ltr'><strong>jam</strong></span> <span class='ocrx_word' id='word_1_329' title='bbox 292 3997 402 4072; x_wconf 77' lang='lat' dir='ltr'><strong>lrabet,</strong></span> <span class='ocrx_word' id='word_1_330' title='bbox 430 4007 461 4064; x_wconf 81' lang='lat' dir='ltr'><strong>et</strong></span> <span class='ocrx_word' id='word_1_331' title='bbox 478 3995 603 4061; x_wconf 81' lang='lat' dir='ltr'><strong>habehit</strong></span> <span class='ocrx_word' id='word_1_332' title='bbox 624 3997 658 4057; x_wconf 91' lang='lat' dir='ltr'><strong>in</strong></span> <span class='ocrx_word' id='word_1_333' title='bbox 680 4009 847 4063; x_wconf 89' lang='lat' dir='ltr'><strong>aeternum.</strong></span> <span class='ocrx_word' id='word_1_334' title='bbox 890 4001 981 4061; x_wconf 86' lang='lat' dir='ltr'><strong>Tunc</strong></span> <span class='ocrx_word' id='word_1_335' title='bbox 1001 3995 1094 4058; x_wconf 63' lang='lat' dir='ltr'><strong>dixis:</strong></span> <span class='ocrx_word' id='word_1_336' title='bbox 1130 3997 1206 4078; x_wconf 86' lang='lat' dir='ltr'><strong>quid</strong></span> <span class='ocrx_word' id='word_1_337' title='bbox 1226 3993 1338 4054; x_wconf 82' lang='lat' dir='ltr'><strong>tenetis</strong></span> 
     </span>
     <span class='ocr_line' id='line_1_38' title="bbox 190 4085 1336 4181; baseline -0.011 -17"><span class='ocrx_word' id='word_1_338' title='bbox 190 4085 247 4164; x_wconf 71' lang='lat' dir='ltr'><strong>¹de</strong></span> <span class='ocrx_word' id='word_1_339' title='bbox 267 4100 417 4159; x_wconf 77' lang='lat' dir='ltr'><strong>Joannem</strong></span> <span class='ocrx_word' id='word_1_340' title='bbox 437 4094 616 4160; x_wconf 77' lang='lat' dir='ltr'><strong>Reuohlint</strong></span> <span class='ocrx_word' id='word_1_341' title='bbox 656 4099 753 4175; x_wconf 87' lang='lat' dir='ltr'><strong>Dixi,</strong></span> <span class='ocrx_word' id='word_1_342' title='bbox 776 4101 859 4181; x_wconf 85' lang='lat' dir='ltr'><strong>quod</strong></span> <span class='ocrx_word' id='word_1_343' title='bbox 884 4120 948 4160; x_wconf 89' lang='lat' dir='ltr'><strong>non</strong></span> <span class='ocrx_word' id='word_1_344' title='bbox 968 4099 1044 4159; x_wconf 89' lang='lat' dir='ltr'><strong>novi</strong></span> <span class='ocrx_word' id='word_1_345' title='bbox 1071 4119 1158 4172; x_wconf 80' lang='lat' dir='ltr'><strong>eum,</strong></span> <span class='ocrx_word' id='word_1_346' title='bbox 1188 4095 1257 4156; x_wconf 59' lang='lat' dir='ltr'><strong>aed*</strong></span> <span class='ocrx_word' id='word_1_347' title='bbox 1271 4093 1336 4155; x_wconf 88' lang='lat' dir='ltr'><strong>seio</strong></span> 
     </span>
     <span class='ocr_line' id='line_1_39' title="bbox 207 4194 1338 4276; baseline -0.006 -18"><span class='ocrx_word' id='word_1_348' title='bbox 207 4200 305 4266; x_wconf 64' lang='lat' dir='ltr'><strong>benef,</strong></span> <span class='ocrx_word' id='word_1_349' title='bbox 338 4195 422 4274; x_wconf 88' lang='lat' dir='ltr'><strong>quod</strong></span> <span class='ocrx_word' id='word_1_350' title='bbox 451 4194 604 4274; x_wconf 84' lang='lat' dir='ltr'><strong>Theologi</strong></span> <span class='ocrx_word' id='word_1_351' title='bbox 634 4211 665 4258; x_wconf 84' lang='lat' dir='ltr'><strong>et</strong></span> <span class='ocrx_word' id='word_1_352' title='bbox 692 4201 828 4262; x_wconf 86' lang='lat' dir='ltr'><strong>Ecclesia</strong></span> <span class='ocrx_word' id='word_1_353' title='bbox 849 4199 1165 4260; x_wconf 83' lang='lat' dir='ltr'><strong>communiter·habet</strong></span> <span class='ocrx_word' id='word_1_354' title='bbox 1185 4216 1256 4256; x_wconf 87' lang='lat' dir='ltr'><strong>eum</strong></span> <span class='ocrx_word' id='word_1_355' title='bbox 1277 4213 1338 4276; x_wconf 88' lang='lat' dir='ltr'><strong>pro</strong></span> 
     </span>
     <span class='ocr_line' id='line_1_40' title="bbox 209 4287 1339 4375; baseline -0.004 -19"><span class='ocrx_word' id='word_1_356' title='bbox 209 4291 381 4368; x_wconf 81' lang='lat' dir='ltr'><strong>haeretico,</strong></span> <span class='ocrx_word' id='word_1_357' title='bbox 402 4313 497 4375; x_wconf 82' lang='lat' dir='ltr'><strong>quere</strong></span> <span class='ocrx_word' id='word_1_358' title='bbox 519 4295 695 4364; x_wconf 86' lang='lat' dir='ltr'><strong>criminavit</strong></span> <span class='ocrx_word' id='word_1_359' title='bbox 714 4301 863 4362; x_wconf 81' lang='lat' dir='ltr'><strong>loannem</strong></span> <span class='ocrx_word' id='word_1_360' title='bbox 884 4300 1081 4362; x_wconf 83' lang='lat' dir='ltr'><strong>Piefferkorn</strong></span> <span class='ocrx_word' id='word_1_361' title='bbox 1100 4287 1133 4358; x_wconf 82' lang='lat' dir='ltr'><strong>et</strong></span> <span class='ocrx_word' id='word_1_362' title='bbox 1149 4297 1225 4358; x_wconf 90' lang='lat' dir='ltr'><strong>alios</strong></span> <span class='ocrx_word' id='word_1_363' title='bbox 1245 4307 1339 4375; x_wconf 54' lang='lat' dir='ltr'><strong>prae*</strong></span> 
     </span>
    </p>
   </div>
   <div class='ocr_carea' id='block_1_7' title="bbox 0 0 1444 4722">
    <p class='ocr_par' dir='ltr' id='par_1_7' title="bbox 0 0 1444 4722">
     <span class='ocr_line' id='line_1_41' title="bbox 0 0 1444 4722; baseline 0 0"><span class='ocrx_word' id='word_1_364' title='bbox 0 0 1444 4722; x_wconf 95' lang='lat' dir='ltr'><strong> </strong></span> 
     </span>
    </p>
   </div>
  </div>
 </body>
</html>
