2896 4716
410 351 952 425 onchn'vluou.
1176 363 1238 429 225

115 531 183 576 rnna
202 531 275 573 anes
292 509 409 585 literas,
430 509 553 572 dicente
572 509 652 570 Ecce
673 507 841 572 Christiani
861 511 984 574 discunt
1001 523 1119 580 nostras
1137 519 1237 585 icien-

115 614 187 687 ties,
227 619 262 671 et
291 609 360 670 sine
383 610 448 670 illis
472 628 536 670 non
560 619 689 690 possunt
707 609 800 669 fidem
818 631 905 672 auem
925 611 1111 690 defendere,
1154 631 1184 691 et
1203 620 1239 682 fit

116 729 225 791 magne
246 707 435 770 verecundis
449 707 659 782 Christianis,
701 717 731 768 et
750 709 859 770 Judeei
878 709 1052 776 fortificant
1071 733 1105 772 se
1131 713 1165 775 in
1184 738 1239 778 sne

115 811 184 871 fide.
226 809 292 868 Sed
312 806 424 868 Graeci
443 815 634 868 recesserunt
652 805 690 866 ab
710 807 863 867 Ecclesia·
885 789 1000 888 igitur
1020 811 1113 872 etiam
1129 813 1241 878 debent

116 906 225 971 haberi
247 926 306 987 pro
327 905 481 979 inimicis,
514 916 545 966 et
570 925 676 966 eorum
696 905 841 966 scientiae
864 926 929 967 non
949 905 1062 968 debent
1079 913 1243 992 practiceri

116 1031 135 1069 a
147 1005 346 1069 Christianis.
385 1003 475 1066 Talia
494 1005 609 1066 vellem
630 1004 776 1080 libenter,
807 1005 890 1085 quod
909 1005 1069 1081 feceretis,
1089 1019 1120 1068 et
1138 1021 1243 1090 postea

115 1105 291 1170 scriberetis
309 1101 406 1180 mihi,
428 1103 512 1184 quod
530 1101 641 1166 fieren·
668 1103 786 1166 valete.
826 1104 942 1165 Datum
963 1105 999 1166 in
1017 1106 1220 1172 Helberstadt.

211 1301 377 1380 Magister
401 1301 534 1360 Ioannes
560 1298 766 1360 Schnerohiue
797 1302 845 1360 M.
874 1299 1008 1362 Ortuino
1031 1302 1151 1365 Grotio.
1227 1377 1229 1390 .

201 1455 341 1516 Salutem
362 1453 544 1534 simpliciter
566 1455 780 1514 annuncietem
791 1497 801 1532 ,
844 1469 957 1516 utnon
978 1477 1035 1540 per
1049 1448 1245 1541 'pomposum
1272 1507 1273 1512 η

117 1563 265 1616 ornatum
285 1554 470 1628 verborum,
491 1552 569 1614 sicut
590 1564 814 1616 consueverunt
832 1556 968 1635 poetules
986 1555 1146 1639 Magistri,
1180 1579 1246 1622 non

118 1654 312 1718 ambulantes
333 1651 367 1710 in
388 1651 440 1712 vie
452 1651 587 1732 simplici
609 1673 679 1713 cum
701 1652 874 1734 Theologis.

210 1767 274 1828 Sed
282 1767 410 1826 salutern
422 1771 458 1824 in
473 1767 612 1838 Christo,
633 1770 688 1848 qui
707 1767 814 1828 liberet
831 1789 888 1828 noe
905 1774 940 1828 in
959 1770 1010 1830 die
1022 1773 1082 1830 icto
1155 1753 1157 1762 Ι

204 1866 258 1928 Ab
274 1868 354 1924 ononi
370 1865 593 1926 tribulatione:
619 1885 736 1924 necnon
749 1886 770 1924 a
786 1870 903 1928 Ioanne
918 1871 1083 1948 Capnione,

209 1967 326 2044 Quiest
338 1965 464 2022 Jurieto
480 1964 640 2039 secularis,
661 1966 763 2024 sedin
779 1967 944 2046 Tleeologiu
958 1971 1013 2030 vix
1030 1968 1198 2028 scholaris:
1261 2009 1267 2016 ‚

202 2066 292 2148 Etvca'
311 2061 431 2120 deberet
452 2062 631 2140 disputare,
655 2067 730 2148 curri
742 2065 906 2145 Theologie
924 2088 955 2124 oe
968 2070 1146 2151 exercitare,

202 2165 255 2224 Itu
272 2161 356 2242 quod
370 2161 497 2240 aliquid
509 2163 657 2232 solueret,
674 2185 734 2241 per
749 2167 853 2222 Deum
868 2167 934 2240 ipre
943 2165 1085 2240 perderet

126 2323 131 2330 ,
202 2264 243 2323 In
256 2263 356 2319 Socra
371 2261 554 2336 Scriptura:
584 2262 717 2339 quiaihi
733 2275 905 2340 estmugno
918 2283 1005 2320 cura.

205 2363 293 2440 Quia
306 2369 407 2436 posset
420 2359 538 2438 aliquio
557 2359 628 2416 Irene
641 2372 738 2433 stare,
775 2361 827 2420 vel
848 2382 945 2420 unum
962 2363 1062 2420 aliurn
1077 2385 1206 2440 ueram
1312 2437 1315 2444 Δ

203 2461 260 2522 lta
275 2458 357 2536 quod
371 2479 438 2516 eum
455 2458 634 2534 concludat,
655 2470 684 2518 et
696 2458 899 2518 concludendo
919 2459 991 2518 bene
1012 2463 1194 2540 confundat.

211 2558 306 2615 Siout
333 2575 428 2632 nuper
441 2549 648 2635 Hogctrotue
659 2596 671 2626 ,
712 2560 767 2636 qui
796 2568 841 2614 est
868 2557 913 2615 od
934 2559 1065 2619 salutern
1091 2564 1248 2624 Ecclesiae
1293 2639 1295 2646 Ι
1404 2613 1406 2623 t

536 2667 646 2716 natue:

214 2754 258 2812 Ut
274 2753 435 2830 ‘expellunt
450 2758 525 2814 ictos
540 2755 667 2824 Socios,
695 2759 810 2818 Poetae
831 2767 860 2814 et
876 2759 1062 2829 Historioor,

208 2857 274 2942 Qui
288 2866 368 2912 teneo
389 2853 488 2922 malas
499 2857 674 2930 opiniones,
696 2865 725 2912 et
739 2876 801 2912 non
815 2857 922 2915 natent
941 2857 1174 2936 disputationes.

204 2971 315 3032 Sancte
335 2970 438 3044 Deus,
483 2989 538 3049 ego
567 2991 631 3030 non
660 2969 756 3029 habui
782 2969 976 3032 voluntatens
997 2973 1129 3032 scribere
1162 2974 1248 3035 vobis
1319 3013 1321 3022 ι

118 3078 233 3145 metra,
250 3077 287 3138 ,et
306 3077 410 3128 tumen
431 3070 546 3142 scribo,
568 3069 622 3128 sed
643 3068 759 3130 factum
782 3078 826 3129 est
846 3089 886 3126 ex
906 3069 1083 3150 improviso.
1145 3072 1247 3136 Etiam

119 3169 177 3228 ille
197 3177 296 3226 metra
314 3187 378 3226 non
399 3176 471 3226 sunt
491 3166 529 3226 de
549 3165 673 3226 Poetrie
693 3167 825 3226 seculari
852 3177 883 3227 et
912 3188 1012 3241 nova,
1039 3148 1107 3232 seed
1134 3169 1172 3226 de
1193 3171 1248 3228 illa
1296 3171 1301 3181 “

120 3267 270 3345 antiqua,
297 3285 389 3345 quam
407 3265 499 3324 etiem
520 3263 687 3324 admittunt
705 3265 846 3344 Magistri
865 3267 962 3324 nostri
985 3267 1019 3327 iu
1040 3264 1197 3324 Parrhisia
1217 3279 1248 3326 et
1318 3259 1322 3266 ’

121 3364 272 3448 Cplonie,
305 3374 336 3424 et
356 3363 439 3424 alibi.
484 3364 541 3430 ,Et
561 3373 698 3442 ternpore
720 3357 804 3434 meo,
838 3363 960 3440 quando
981 3363 1051 3422 steti
1072 3363 1246 3440 Parrhisiis,

123 3463 406 3542 dicebamrNuod
427 3481 507 3522 unua
527 3462 670 3540 antiquus
685 3461 847 3538 Megisten,
874 3461 927 3536 qui
947 3459 1098 3520 habitavit
1118 3460 1151 3518 in
1173 3463 1247 3522 Col·

119 3563 203 3644 legio
222 3564 358 3636 Montis,
395 3571 591 3641 componeret
611 3571 704 3618 tutem
722 3559 854 3618 Bibliem
873 3556 1018 3631 metrice,
1040 3558 1155 3618 scilicet
1176 3581 1247 3620 cum

119 3663 187 3722 istie
208 3662 322 3726 metris.
363 3661 490 3726 Dobetis
512 3668 615 3719 eutem
635 3660 713 3718 scire
734 3657 892 3728 novitates,
913 3666 1083 3734 quaesunt
1097 3655 1175 3714 bene
1188 3677 1246 3736 pro
1335 3708 1339 3716 .

120 3760 226 3822 vobis:
265 3739 438 3834 videlicet,¹
460 3755 718 3839 quodReuchlin
739 3776 803 3815 non
824 3764 923 3833 potest
944 3753 1075 3833 emplius
1101 3754 1144 3816 ite
1164 3757 1247 3814 mul-

121 3868 188 3919 tum
210 3860 335 3934 studere
355 3859 434 3930 sicut
456 3858 559 3939 prius,
580 3856 652 3934 quie
673 3853 755 3912 oculi
775 3854 884 3913 volunt
905 3851 934 3909 ci
953 3852 1145 3926 decrescere,
1168 3854 1247 3913 sicut

123 3957 199 4020 dicit
222 3960 384 4040 Scriptura
405 3961 440 4022 in
466 3957 597 4018 Genesi:
654 3953 721 4028 „Et
743 3952 951 4030 caligaverunt
974 3939 1160 4028 oculi'ejne,
1190 3971 1247 4010 neu

120 4055 230 4118 videre
247 4053 399 4140 pc'teratf‘
472 4057 555 4136 Quia
574 4074 675 4134 nuper
695 4048 781 4111 venit
803 4070 880 4109 unus
900 4049 1078 4109 Bacularius
1100 4049 1138 4106 de
1162 4050 1247 4110 stut-

121 4156 239 4236 gardia,
260 4159 314 4240 qui
336 4159 400 4220 fuit
418 4158 452 4218 in
470 4157 561 4216 domo
583 4154 657 4232 ejus,
681 4160 711 4211 et
732 4169 785 4227 ego
806 4147 867 4208 feci
882 4149 973 4234 *quasi
994 4168 1058 4207 non
1079 4148 1190 4206 scireut
1209 4149 1248 4208 de

119 4255 288 4318 inimicitia
307 4269 424 4333 vestra,
457 4276 548 4338 quem
571 4250 686 4314 habetis
705 4248 860 4322 invicem,
889 4247 958 4308 dixi
979 4247 1122 4306 adeum:
1162 4248 1247 4306 Bone
1299 4305 1301 4309 .

816 4343 1044 4404 '¹15
