2840 4718
208 313 273 381 ³174
478 301 1026 378 “rutuu'Lurnta

154 486 158 497 “
209 470 422 554 cappelloetile
450 482 515 536 tota
542 482 577 534 at
595 473 664 555 ipro
684 443 1052 554 etiammeostugurtolo
1080 465 1249 534 corradere
1265 488 1330 551 poa·
1407 535 1414 553 ‚

196 575 274 634 'cem
294 593 441 652 uuquam,
463 573 526 648 hei,
546 573 615 636 hei!
656 573 728 634 Pol.
749 572 799 632 Ne
819 573 923 653 plora!
945 571 1044 632 aderit
1064 570 1150 633 forte
1164 570 1332 632 consilium.

210 671 439 734 conveniemus
460 693 502 734 ex
522 659 684 736 curtieauia
705 671 758 733 hie
779 687 879 736 urum
899 671 1049 752 aliquem,
1087 689 1223 752 quocum
1246 669 1330 732 fami«

207 770 326 834 lieritae
346 771 427 830 mihi
446 782 507 848 eat,
543 771 626 853 quod
647 772 674 833 ei
696 773 751 856 qui
769 783 906 855 porrum,
927 771 962 832 hi
983 780 1055 832 eunt
1075 771 1213 830 maxime
1233 789 1332 832 rerum

208 871 362 932 malarum
385 881 417 932 et
434 882 603 954 patratorca
634 881 666 934 et
697 873 896 934 consultores.
937 871 998 932 Sed
1020 889 1112 949 quem
1140 868 1332 950 potissimum

208 970 409 1046 conveniam,
429 949 537 1033 habeo.
597 972 684 1032 Hom
704 981 748 1044 tu,
770 972 888 1044 Bruuo,
908 968 970 1030 hue
991 970 1077 1030 adest
1118 971 1219 1032 Puer.
1239 969 1332 1053 Hem}

207 1068 317 1130 adeum
335 1071 414 1140 tibi,
453 1070 620 1153 quidvis?
640 1071 774 1152 impera!
832 1069 905 1131 Pet
925 1070 1046 1131 Noatiu’
1066 1069 1219 1150 templum
1248 1065 1334 1139 illud,

193 1167 245 1228 ,in
265 1189 327 1248 quo
350 1170 446 1231 hodie
473 1172 624 1232 allocutae
650 1191 755 1232 senem
780 1169 883 1246 ilium,
910 1169 1094 1251 primarium
1111 1165 1335 1232 Gurtisauumi

209 1271 307 1330 Puer.
337 1269 437 1346 Novi,
468 1271 659 1351 decrepitum
686 1271 778 1332 illum
819 1279 1085 1350 veteratoremquo
1130 1287 1167 1328 ao
1187 1269 1336 1348 imposto-

208 1387 277 1430 rem
296 1369 472 1444 existimat,
502 1378 619 1450 pestem
640 1371 820 1444 multorum,
840 1371 897 1449 qui
917 1370 1029 1451 paraim
1049 1367 1133 1449 apud
1152 1387 1263 1428 omues
1283 1386 1336 1424 au-

209 1467 256 1528 dit
275 1468 371 1535 male,
388 1489 448 1530 uec
469 1483 557 1530 curat
573 1479 698 1546 tamou;
716 1491 808 1550 quem
825 1470 944 1530 utinam
965 1469 1076 1550 dignus
1106 1466 1196 1528 factis
1228 1465 1337 1540 exitur,

207 1574 276 1628 tum
306 1586 377 1628 cum
397 1578 480 1630 arcte
512 1570 754 1644 custodiebatur,
796 1569 976 1650 excepiuet.
1039 1566 1111 1628 Pol.
1137 1567 1180 1628 Et
1196 1566 1336 1636 domum,

210 1685 303 1746 quem
323 1665 461 1738 habitet,
479 1668 617 1728 noetiu’?
660 1671 758 1732 Puer.
776 1668 856 1728 Item
876 1668 967 1744 novi3
1010 1676 1171 1728 tantumne
1189 1683 1338 1748 praecur-

209 1785 294 1840 ram,
314 1767 446 1847 amplius
467 1766 574 1827 nihil?
615 1769 687 1836 Pol.
706 1767 868 1843 Domi,ai
890 1765 1085 1828 commodum
1105 1765 1163 1841 ait,
1207 1771 1338 1836 mancat,

208 1864 322 1926 dicito:
342 1885 478 1945 moxque
499 1866 668 1932 affuturum
689 1886 739 1928 me
760 1885 837 1949 cum¹
852 1862 913 1926 hoo
926 1868 1089 1931 Henuone.
1130 1869 1230 1926 Puer.
1242 1865 1337 1926 Abeo.

207 1966 332 2024 Hunno.
352 1966 438 2024 Hau!
459 1965 537 2026 haut
577 1967 651 2030 Pol.
672 1965 722 2026 Ne
741 1975 773 2026 te
792 1983 933 2042 merere,
974 1967 1139 2028 consilium
1167 1966 1222 2027 hio
1255 1962 1338 2024 dabit

208 2063 499 2126 commodissimum.
548 2067 670 2132 Hanno,
699 2065 842 2141 Utinam,
882 2065 937 2126 red
956 2068 1120 2148 pecuniam
1140 2087 1206 2128 non
1228 2063 1337 2136 haheo,

150 2177 154 2184 '
210 2180 270 2226 ova
291 2163 408 2238 habeo,
426 2163 528 2246 pullos
550 2165 732 2243 gallinacecr
751 2165 868 2240 habeo,
888 2185 1012 2226 vaccam
1032 2167 1132 2242 etiam,
1156 2167 1183 2224 ri
1206 2164 1336 2224 omuino

207 2265 304 2338 volet,
324 2263 431 2328 habeo.
472 2263 634 2324 Praeterea
653 2264 743 2324 nihil.
762 2269 859 2325 Puer.
879 2265 945 2327 Jem
966 2265 1082 2343 veniet,
1103 2278 1134 2327 te
1149 2265 1237 2328 domi
1259 2262 1338 2324 otio-

208 2385 263 2426 ειη
283 2361 431 2444 operitur.
472 2365 548 2425 Pol.»
562 2364 695 2424 Movere
713 2374 753 2439 te,
774 2365 904 2428 Henuot
950 2367 1070 2430 Hanno.
1097 2369 1139 2430 Et
1168 2385 1284 2430 moveo
1310 2372 1338 2423 et

207 2482 396 2545 permov003
415 2463 469 2522 hei
487 2463 615 2544 spiritur
635 2463 746 2524 deficit.
786 2465 860 2529 Pet„
886 2463 988 2539 Salve,
1008 2467 1165 2528 Bartoliue
1188 2485 1338 2528 reveren-

208 2563 258 2650 de,
279 2572 311 2624 ot
328 2562 500 2628 multiscie!
541 2565 632 2626 Bart.
645 2564 685 2623 Et
700 2572 744 2626 tu.
784 2563 872 2642 Quin
893 2562 987 2624 hodie
1007 2568 1171 2628 consilium
1192 2585 1339 2646 prorecu-

136 2681 139 2692 ·
197 2673 259 2740 ,tur
281 2681 314 2723 ea
335 2683 457 2738 meum,
489 2681 550 2742 quo
570 2662 697 2730 monui,
740 2675 776 2724 ut
794 2672 861 2724 acta
880 2663 999 2725 absolvi
1020 2685 1143 2728 curares
1163 2667 1251 2746 opud
1280 2684 1338 2726 uo·

171 2747 178 2762 ⁵
207 2763 347 2825 tarium?
388 2763 460 2823 Pol.
481 2761 605 2822 Sedulo.
638 2765 717 2822 Bar,
734 2763 853 2830 Bonam
874 2783 994 2826 caueam
1022 2764 1125 2826 habea.
1166 2768 1242 2827 Pol.
1256 2767 1337 2842 ‘Hoc
1412 2799 1413 2822 t

206 2862 348 2944 profe‘cto
371 2861 562 2922 advenerim
582 2874 680 2943 negat.
722 2861 785 2922 Sed
805 2861 857 2922 hic
876 2864 1000 2938 Henuo,
1020 2886 1107 2925 meua
1124 2867 1255 2932 amicus.
1276 2887 1337 2926 uua

207 2983 332 3030 mecum
352 2961 391 3020 ad
410 2974 441 3022 te
460 2961 564 3034 veuit,
591 2962 755 3022 consilium
775 2963 942 3043 petiturum
970 2963 1004 3024 id
1025 2975 1060 3025 ut
1080 2966 1121 3026 eit
1140 2965 1252 3040 fidele,
1284 2985 1335 3043 ego

208 3081 329 3144 precor.
370 3063 463 3121 Bort.
481 3061 581 3122 Iudex
603 3081 659 3144 ego
681 3082 751 3122 cum
771 3064 850 3137 aim,
877 3060 1041 3124 eonsilium
1070 3061 1144 3126 dare
1174 3067 1244 3164 lege
1264 3086 1337 3147 pro-

175 3245 179 3252 .
206 3161 333 3238 himer,
360 3162 386 3222 ai
407 3171 511 3222 tumen
530 3161 607 3241 quid
628 3161 681 3222 hie
701 3163 775 3222 dare
794 3172 910 3244 potest,
953 3164 983 3224 ei
1002 3163 1051 3224 tui
1071 3185 1161 3226 cauea
1183 3165 1336 3246 gratifica-

208 3264 275 3324 bor.
317 3263 391 3323 Pol.
411 3261 497 3335 Ova,
519 3281 660 3337 caseum,
689 3263 852 3343 butyrum,
883 3264 944 3324 mel
952 3307 962 3338 ,
994 3284 1167 3344 caponee,-
1190 3266 1334 3340 haedum,

207 3376 326 3446 potum,
347 3361 512 3444 pecuniam
532 3381 597 3422 nou
616 3371 725 3443 potest.
764 3365 856 3424 Burt.
876 3363 922 3422 Ea
941 3383 1012 3424 cum
1034 3363 1119 3424 domi
1139 3387 1205 3430 nou
1217 3367 1334 3440 adeunt,
1410 3441 1411 3450 ἵ

207 3464 341 3548 pecunia
361 3483 540 3543 comparare
559 3462 639 3522 mihi
659 3483 761 3544 cogor.
801 3464 865 3524 Sed
885 3464 963 3544 quid
982 3464 1017 3524 id
1037 3465 1106 3524 esti
1156 3469 1231 3550 Pod.
1250 3469 1334 3526 Heu-

208 3585 260 3638 no,
281 3575 316 3626 tu
335 3563 411 3624 huic
431 3566 572 3636 umato!
612 3564 704 3626 Norti
728 3563 820 3638 euim,
839 3564 960 3641 melius,
990 3584 1083 3644 quam
1118 3583 1184 3644 ego,
1205 3587 1332 3626 caueam.

50 3659 59 3676 ’
119 3687 124 3698 ’
208 3670 330 3730 Hanno.
349 3663 465 3742 Eloqui
487 3662 638 3744 aput-hoe
658 3674 812 3743 magnates
831 3661 1023 3742 nouausim3
1043 3665 1177 3745 proinde
1193 3677 1231 3726 tu
1243 3687 1332 3746 quae

205 3787 241 3836 ao
261 3766 372 3839 dicito,
413 3783 465 3824 me
489 3764 678 3825 verecundia
710 3784 746 3834 ac
773 3763 931 3844 imperitia
959 3763 1052 3826 etiam
1075 3775 1189 3826 vetant
1262 3767 1331 3828 fot.

129 3941 131 3947 y
206 3867 320 3930 Dicam
341 3885 424 3946 ergo,
472 3865 574 3944 Hujus
600 3863 700 3940 filius,
740 3867 846 3924 Battua
865 3862 1008 3939 nomine,
1051 3865 1128 3926 uiuo
1171 3885 1331 3945 amoreque

204 3947 369 4040 attadeute,
402 3965 527 4030 vicinae
545 3965 580 4026 iu
599 3964 735 4028 necundo
754 3964 851 4046 gradu
870 3964 984 4025 vitium
1005 3965 1134 4042 obtulit3
1162 3966 1220 4026 itta
1249 3987 1330 4026 com*

206 4088 315 4148 preren
335 4067 417 4132 facta
437 4074 483 4126 eet
503 4064 650 4146 gravidae
667 4065 722 4124 ille
741 4063 817 4124 hinc
837 4063 971 4145 aufugit,
991 4063 1125 4124 fiscalem
1146 4065 1275 4142 timent,
1297 4075 1331 4124 ut

207 4174 274 4231 tuto
299 4165 403 4226 redire
417 4176 542 4249 portet,
562 4165 597 4226 id
619 4184 693 4227 vero
712 4166 799 4243 petit.
849 4167 929 4228 Par.
949 4165 1015 4238 Ha,
1056 4162 1112 4238 ha,
1154 4185 1197 4226 ue
1215 4168 1330 4226 Romae

208 4281 272 4331 uon
293 4263 356 4336 tuit
375 4262 419 4340 ie,
445 4265 499 4335 uhi
518 4263 617 4342 nuit.
636 4283 728 4354 quom
747 4266 825 4343 hoo,
853 4265 958 4330 minua
983 4269 1146 4343 peecatum
1172 4275 1228 4332 est.
1267 4266 1329 4330 Nee
