2840 4718
132 350 278 436 ¹too
398 425 403 436 ,
567 349 1009 442 oraaocrvu.

219 509 305 571 nime
325 510 410 572 feres
430 507 549 572 acerbe.
589 513 685 572 Hatt.
703 509 748 573 Ut
766 509 875 588 video,
897 511 1036 571 Stoicum
1053 529 1105 570 me
1126 507 1326 594 instituis-'phi-

164 653 166 658 .
219 607 410 692 losophuml
475 613 546 672 Ver.
574 604 807 692 Philosophum
826 631 1035 693 nequaquam,
1072 609 1127 670 aad
1150 611 1326 676 christianam

221 709 362 770 militem.
422 713 518 772 Hutt.
537 712 579 772 At
597 730 662 772 non
684 709 727 770 ita
747 731 817 788 suos
837 731 939 792 nuper
965 709 1128 790 insignivit
1145 709 1266 771 Carolus
1281 713 1328 771 in-

222 817 347 891 perator
367 809 539 880 maximus,
560 831 631 871 cum
652 809 748 890 potiri
769 819 912 891 coeperat
928 807 1088 892 imperial
1137 811 1206 872 Ver.
1224 810 1250 870 Ii
1268 833 1328 892 qua-

128 933 131 944 *
222 907 367 982 lesoint,
396 908 479 969 nihil
497 930 567 969 mes
585 909 730 988 interest,
781 909 941 970 christiani
968 907 1076 968 militia
1101 920 1268 970 armarunt
1285 933 1328 971 ve·

224 1005 315 1081 ritas,
338 1006 471 1089 iustitia,
500 1008 671 1085 fortitudo,
699 1009 847 1088 gravitas,
880 1009 1011 1070 verbum
1033 1006 1165 1082 Christi,
1189 1009 1289 1088 quibus
1304 1021 1328 1070 ta

224 1104 286 1185 jam
307 1105 460 1169 decoravi.
501 1110 597 1169 Hott.
617 1107 667 1168 Da
686 1119 717 1169 et
738 1129 845 1169 aureas
864 1106 1026 1191 phaleras,
1055 1117 1085 1167 ct
1105 1109 1266 1168 canterium
1284 1109 1328 1168 ali·

225 1225 327 1286 quem.
389 1210 462 1269 Ver.
482 1207 663 1290 Cauterium
690 1208 815 1268 nullum
835 1209 875 1268 do
891 1208 1011 1282 alium,
1041 1225 1132 1286 quam
1153 1208 1267 1288 pullum
1284 1209 1329 1268 filii

225 1305 408 1386 subjugalis,
451 1306 639 1367 cui'insedit
658 1307 798 1368 Christus
819 1307 977 1380 domiuus,
1008 1305 1051 1382 (ai
1071 1307 1197 1386 quidem
1216 1307 1329 1388 equitare

226 1403 335 1484 lubet)
362 1416 416 1467 aut
436 1406 526 1467 illum
546 1407 715 1468 Zachariae
740 1407 870 1468 asinum.
930 1409 1026 1467 Haste.
1055 1406 1128 1466 Non
1154 1405 1245 1466 alium
1267 1407 1328 1466 mihi

76 1509 79 1517 '
140 1505 144 1510 '
227 1503 312 1565 dabie
332 1507 502 1582 caballum,
540 1528 632 1588 quam
654 1509 788 1586 mulam,
822 1515 876 1568 aut
895 1505 1043 1568 asinum?
1084 1505 1177 1566 Hisce
1196 1506 1328 1565 debellabo

227 1611 274 1664 tot
292 1605 504 1666 adversarios?
547 1609 618 1669 Ver.
644 1609 748 1686 Atque
767 1608 811 1667 ita
830 1607 996 1667 instructus
1018 1605 1162 1665 maximia
1183 1604 1290 1685 regibus
1306 1617 1329 1664 et

137 1765 144 1775 ,
228 1703 422 1785 principibus
441 1705 501 1767 eris
524 1707 746 1785 formidabilia,
778 1708 903 1788 quinat
922 1708 987 1766 illis
1005 1707 1104 1765 libere
1124 1705 1328 1779 conviciaberis,

190 1872 193 1878 Ι
229 1802 379 1884 siquando
406 1825 457 1875 me
483 1805 600 1868 videris
626 1805 794 1868 obscurari.
855 1805 928 1866 Non
954 1804 1076 1865 timebis
1098 1823 1116 1862 a
1135 1803 1217 1864 facie
1235 1825 1328 1879 eorum,

230 1911 262 1962 et
282 1903 346 1984 ipae
369 1903 461 1966 etiam
480 1906 538 1966 tibi
559 1907 670 1976 adero,
693 1919 729 1968 ut
749 1906 879 1966 liberem
899 1917 955 1965 te.·
986 1905 1034 1965 Ab
1055 1901 1115 1962 hoc
1133 1913 1280 1962 momento
1297 1904 1329 1962 ci-

233 2001 308 2062 vitas
329 2003 390 2064 eris
412 2005 547 2081 minuta,
575 2018 606 2068 et
625 2007 769 2066 columna
790 2005 910 2079 ferrea,
956 2014 986 2065 et
1006 2023 1112 2065 murus
1131 2024 1242 2063 aeneus
1259 2023 1330 2082 super

230 2109 345 2164 terram
365 2103 565 2166 Pontificibus
583 2107 737 2184 romanis,
768 2116 798 2166 ct
819 2104 1048 2179 cardinalibus,
1072 2117 1103 2162 et
1123 2102 1288 2185 Episcopis,
1307 2109 1330 2160 et

229 2200 388 2264 bellabunt
407 2202 570 2278 adversum
592 2215 638 2280 te,
659 2216 690 2268 et
709 2225 772 2266 uon
793 2205 1030 2285 praevalebunt,
1054 2203 1127 2284 quia
1149 2223 1204 2282 ego
1223 2199 1331 2260 ‹laboti-

231 2301 263 2362 bi
286 2303 319 2363 oa
341 2316 371 2363 et
384 2304 590 2385 sapientiam,
630 2306 680 2365 cui
703 2326 766 2366 uon
786 2294 933 2386 poterunt
958 2303 1098 2365 resistere
1118 2321 1225 2361 omncs
1242 2298 1330 2358 advers

229 2401 304 2462 sarii
324 2403 379 2464 tui.
429 2406 523 2477 Hutt,
544 2405 632 2464 Dura
653 2415 724 2465 sunt
745 2405 828 2465 haec.
892 2406 964 2466 Ver.
988 2403 1048 2462 Sed
1069 2400 1234 2461 christiano
1253 2398 1330 2456 milite

229 2502 330 2582 digna.
370 2506 465 2564 Hutt.
486 2503 648 2564 Licebitne
668 2514 698 2563 et
717 2504 778 2585 jam
805 2502 911 2584 positia
933 2503 978 2562 uti
1001 2501 1115 2562 armis?
1160 2504 1231 2563 Ver.
1249 2497 1330 2556 Etiam

229 2600 350 2676 licebit,
368 2602 469 2662 modo
490 2600 582 2675 haec,
612 2623 690 2684 quae
710 2603 798 2676 dedi,
827 2603 949 2661 interna
970 2602 1039 2663 rint.
1099 2598 1263 2662 Curtisanis
1280 2597 1332 2676 pri-

158 2745 160 2750 ·
229 2721 315 2763 mum
339 2701 463 2762 bellum
492 2701 630 2776 indices,
673 2702 785 2763 deinde
800 2701 992 2761 ,discalciatis
1022 2711 1053 2760 ct
1080 2702 1188 2780 griseia
1210 2695 1332 2778 hypocri·

169 2783 173 2792 ,
227 2799 284 2874 tis,
304 2811 459 2882 postremo
480 2800 623 2861 Pontifici
642 2821 789 2875 romano,
811 2810 842 2860 et
861 2801 919 2860 toti
940 2799 988 2858 illi
1009 2801 1156 2860 colluviei
1178 2801 1331 2859 Romanen-

228 2898 318 2958 eium.
383 2903 478 2961 Hatt.
512 2902 611 2961 Tutus
632 2911 734 2960 autem
754 2919 824 2974 ero,
865 2920 905 2958 ne
921 2919 970 2960 mc
991 2901 1059 2978 quis
1075 2898 1221 2959 occidat?
1279 2897 1333 2958 Ver.

230 2997 340 3057 Occidi
361 2999 495 3078 poteria,
534 2999 593 3084 ²ned
619 3000 689 3084 talis
718 3020 801 3060 mors
830 3000 975 3079 majorem
1006 3000 1061 3058 tibi
1086 3000 1217 3080 gloriam
1244 2995 1333 3078 pariet,

229 3117 320 3177 quam
342 3097 369 3156 ri
389 3110 512 3158 centum
533 3098 697 3161 devicisset
717 3100 901 3179 Babylonos,
945 3087 1081 3179 ariadne,
1112 3110 1162 3158 ,ut
1183 3117 1252 3178 egos
1285 3094 1334 3151 5¹1¹·

154 3207 158 3217 '
229 3195 369 3257 mortalia
390 3217 512 3278 semper
533 3207 563 3266 et
582 3198 681 3258 victua
703 3199 914 3279 triumphabis.
961 3201 1056 3258 lectt.
1077 3194 1151 3271 Vis,
1173 3195 1333 3257 Gratianum

229 3295 352 3356 facinus
371 3295 498 3375 aliquod
519 3295 630 3357 moliar
649 3315 706 3378 pro
729 3299 846 3380 patriae
866 3297 1029 3358 libertate?
1072 3301 1143 3360 Ver.
1175 3296 1259 3369 Veh,
1276 3291 1334 3364 veh,
1387 3277 1388 3316 ³

113 3467 116 3476 ¹
229 3393 307 3458 veh!
347 3396 443 3458 Hae.
467 3395 551 3473 Quid
570 3397 738 3469 dammim
768 3401 838 3468 Ver.
872 3399 964 3466 Jecur
983 3395 1063 3456 mihi
1086 3396 1227 3456 confodit
1244 3392 1333 3474 jaculo.

229 3495 325 3553 Hatt.
344 3495 561 3568 Adhibejmox
579 3497 713 3576 pelvim,
734 3517 821 3576 puer,
885 3499 955 3559 Ver.
986 3499 1047 3556 Sta.
1107 3491 1334 3556 limatorum

228 3612 269 3652 ne
289 3593 388 3653 latitet
409 3593 477 3671 quia
496 3593 629 3673 videam.
669 3596 777 3656 Redde
797 3615 921 3669 arcum,
943 3616 1030 3676 puer.
1053 3600 1144 3663 Ver.
1165 3596 1261 3655 Nemo
1278 3589 1335 3650 lati·

229 3701 284 3752 tat.
318 3693 374 3752 'Ex
394 3695 596 3772 Argentorato
617 3704 662 3755 est
682 3695 744 3755 hoc
762 3695 908 3774 jaculum.
937 3698 1038 3755 *Hau
1057 3698 1276 3776 Argentorato,
1292 3686 1334 3749 ubi

165 3861 167 3868 ,
229 3799 292 3866 tam
314 3791 427 3874 integri
446 3803 518 3854 sunt
539 3795 627 3854 viril
673 3795 762 3856 'Van
777 3794 840 3856 Ubi
862 3794 968 3869 etiam,
1004 3815 1044 3854 ex
1072 3793 1216 3856 sacrificis
1234 3787 1335 3874 potissi·

231 3911 332 3963 mum,
354 3901 400 3954 tot
419 3903 491 3952 eunt
510 3891 613 3953 hostes
634 3893 779 3954 veritatis.
831 3893 928 3954 Huic.
948 3895 1099 3972 Quianam
1121 3896 1241 3967 enn'sit,
1258 3885 1336 3956 edici·

230 3991 280 4050 to!
324 3994 394 4052 Ver,
435 3991 683 4071 Loquacissimus
709 3995 764 4052 ille
789 3995 966 4059 Mumarus.
1026 3995 1106 4054 Nam
1133 3995 1270 4056 libellum
1286 3987 1335 4066 jam

231 4089 371 4168 vulgavit
391 4090 430 4150 ad
452 4091 638 4168 Germaniae
656 4113 800 4174 proceres
820 4103 926 4153 contra
944 4093 1128 4167 Lutherum,
1175 4095 1265 4154 Hutt.
1283 4084 1349 4163 Ne,

111 4201 149 4213 ”
231 4187 266 4248 vi
286 4188 503 4268 sycophantam
509 4219 536 4265 ,·
561 4191 623 4252 nisi
647 4211 698 4252 me
724 4193 813 4254 fallat
838 4193 954 4274 opinio.
1016 4195 1087 4256 Ver.
1107 4192 1197 4254 Solus
1216 4207 1275 4250 non
1293 4189 1334 4252 ests

232 4282 340 4360 habet,
361 4288 414 4379 qui
434 4285 498 4348 sibi
513 4289 591 4351 haec
611 4289 764 4355 instillant
784 4293 995 4376 suggillatores
1015 4313 1096 4356 suos.
1144 4293 1243 4353 Hutt.
1258 4279 1334 4350 Atti
