2896 4716
428 272 979 378 casabuvtnou
1201 271 1271 344 245

133 436 245 502 cattus
261 437 468 522 apprehendit
496 459 635 516 murem,
657 435 659 438 ’
678 449 709 502 et
739 437 821 499 dixit
849 436 955 499 multis
981 435 1263 513 circumstantibus3
1299 477 1306 494 .‹

54 551 60 562 “
132 541 267 614 Videtis,
289 543 373 620 ¹quod
394 542 451 601 ista
470 541 616 600 animalia
636 559 700 599 non
723 538 884 600 dimittunt
903 549 1045 600 naturam
1065 561 1162 600 sumna
1211 541 1266 600 ste·

132 641 375 712 etiamJudaeus,
397 661 581 720 quamquam
602 639 730 700 dimittit
739 637 832 698 fidem
852 659 947 714 suam,
968 661 1042 720 ergo
1059 629 1153 700 ctiam
1171 639 1265 712 hodie

131 741 201 802 volo
224 739 327 812 mori,
348 739 427 798 sicut
446 739 545 800 bonus
565 739 712 812 Iudaeus,
743 746 773 797 et
794 747 935 798 mortuus
954 749 1008 796 est.
1070 741 1161 799 Timo
1181 739 1264 800 cives

105 840 348 912 'Colonienses,
391 835 429 897 ad
457 839 638 898 memoriam
667 835 741 896 facti
774 835 879 910 illius,
922 837 1064 897 feceruut
1084 837 1139 896 has
1159 857 1263 897 aereas
1300 857 1301 860 ’

131 939 299 1018 imagines,
319 957 398 1016 quae
417 937 519 997 adhuc
537 948 610 998 sunt
621 957 715 1018 super
726 956 855 1013 ,murum
871 935 1161 1008 ante10imiterium.
1186 937 1277 996 Item

130 1038 237 1098 audivi
258 1039 297 1096 de
318 1037 396 1110 alio,
415 1037 469 1116 qui
491 1036 634 1096 similiter
653 1037 688 1102 iu
708 1035 841 1096 articulo
860 1035 967 1095 mortis
988 1036 1179 1110 constitutus,
1199 1035 1264 1115 jus-

130 1137 167 1196 sit
186 1137 247 1196 sibi
267 1139 392 1216 portare
412 1155 510 1196 uuum
530 1135 665 1215 lapidem
688 1153 848 1216 maguum,
869 1142 900 1192 ct
920 1152 1036 1214 ponere
1059 1155 1130 1193 eum
1152 1135 1187 1194 in
1201 1135 1264 1198 olla
1337 1147 1339 1152 '

132 1257 311 1314 cum-aqua,
352 1243 383 1294 et
401 1255 517 1314 ponere
538 1234 577 1294 ad
597 1235 701 1316 ignem
723 1234 762 1294 ad
782 1233 996 1318 coquendum,
1032 1244 1062 1293 et
1081 1234 1164 1294 stetit
1184 1234 1270 1293 bene
1358 1225 1360 1232 χ

131 1346 189 1394 tres
210 1335 278 1410 dics
298 1335 380 1414 apud
402 1338 515 1412 ignem,
536 1344 611 1393 tunc
631 1333 792 1414 quaesivit,
815 1355 854 1396 an
877 1343 955 1392 esset
974 1334 1101 1408 coptus?
1121 1335 1264 1413 Respon-

130 1435 261 1508 derunt,
284 1433 374 1512 quod'
388 1453 469 1506 rron,
491 1435 565 1512 quia
585 1453 647 1492 nors
672 1444 716 1492 est
736 1431 896 1512 possibile,
918 1431 1001 1520 quod
1020 1453 1101 1492 uuus
1112 1433 1191 1513 lapis
1207 1431 1263 1491 de-

128 1535 216 1594 beret
234 1531 335 1611 coqui.
390 1533 481 1591 Tunc
512 1531 672 1612 respondit
692 1532 774 1612 ipse:
816 1531 983 1598 Sicutiste
1003 1531 1082 1611 lapis
1103 1551 1293 1618 nunquam·
1351 1541 1359 1552 ''

129 1623 291 1692 fit'mollis
312 1631 395 1710 apud
421 1630 543 1711 ignem,
577 1633 620 1690 ita
650 1619 741 1690 etiam
763 1651 922 1712 nunquam
943 1630 1055 1711 aliquis
1074 1621 1207 1691 Judaeus
1228 1631 1263 1690 fit

127 1741 214 1792 recte
235 1729 435 1788 Christianus.
498 1730 559 1789 Sed
579 1730 699 1789 faciunt
720 1729 779 1789 hoc
799 1742 928 1810 propter
947 1730 1086 1810 lucrum,
1121 1731 1173 1791 vel
1186 1751 1262 1811 pro-

126 1841 200 1911 pter
220 1828 383 1901 timorem,
421 1828 473 1888 vel
494 1839 675 1909 propterea,
709 1829 792 1908 quod
810 1828 928 1910 possint
948 1829 1052 1902 facere
1069 1849 1165 1888 unam
1187 1850 1262 1909 pro-

127 1930 288 1988 ditionem.
329 1925 373 1988 Et
394 1947 452 2007 ego
472 1925 565 1986 bodie
584 1927 657 1988 volo
680 1927 760 1986 mori
780 1928 858 1987 sicut
878 1927 978 1988 fidelis
998 1928 1139 1989 Iudaeus.
1178 1929 1261 2008 Ergo

126 2051 183 2110 per
203 2030 327 2101 Deum,
350 2028 497 2106 Magister
517 2026 669 2099 Ortuine,
689 2026 862 2086 timendum
885 2037 930 2087 est
960 2028 1051 2088 valde
1077 2028 1115 2087 de
1143 2031 1262 2088 Ioanne

125 2127 345 2200 Pfefferkoru,
365 2125 504 2205 quamvis
525 2146 634 2206 spero,
657 2125 740 2204 quod
761 2126 916 2184 Dominus
938 2123 1025 2186 Deus
1045 2126 1131 2186 dabit
1145 2127 1174 2183 ei
1189 2115 1261 2206 spess

124 2225 235 2286 cialem
257 2224 403 2303 gratiam,
424 2234 470 2283 ·et
491 2219 684 2284 conservabit
714 2245 786 2282 eum
809 2224 843 2283 in
864 2223 942 2305 lide,
975 2234 1010 2308 ‘et
1029 2245 1093 2284 uon
1114 2225 1262 2285 debemus
1308 2258 1311 2268 v
1365 2257 1366 2263 κ

123 2324 235 2403 utique
257 2343 379 2402 semper
401 2323 522 2390 dicere,
563 2323 646 2402 quod
673 2335 842 2401 pro-certo
862 2343 984 2403 semper
1005 2322 1141 2382 mauebit
1166 2308 1259 2383 Chri-

120 2413 255 2494 stianus,
274 2435 399 2501 propter
409 2425 558 2482 loannem
570 2419 727 2482 Reuchlin
748 2431 778 2481 et
797 2443 870 2482 suos
886 2422 1096 2481 adhaerentes.
1138 2422 1258 2499 Quarto

119 2520 343 2600 interrogatis,-
383 2521 456 2600 quid
477 2531 568 2581 teneo
591 2520 630 2578 de
653 2520 788 2599 propriis
806 2521 998 2593 nominibus,
1036 2542 1076 2586 au
1099 2523 1257 2582 carentia

117 2619 246 2702 plurali
268 2637 413 2686 numero,
453 2618 533 2678 sicut
557 2628 664 2678 tenent
686 2619 803 2698 antiqui
826 2620 1047 2690 Grammatici,
1073 2617 1258 2682 Alexander

119 2730 154 2780 et
176 2718 250 2796 alii3
272 2738 311 2777 an
332 2739 405 2796 vero
424 2719 538 2798 habeut
557 2719 726 2798 pluralem,
747 2720 827 2788 sicut
848 2720 1019 2799 opinantur
1037 2720 1197 2795 moderni,
1225 2729 1258 2780 et
1297 2731 1299 2740 ’

118 2818 220 2893 novi,
262 2830 297 2878 ut
314 2818 490 2877 Diomedes*
505 2827 536 2876 ct
555 2815 753 2876 Priscianus?
800 2817 1005 2898 Respondeo,
1047 2819 1130 2900 quod
1150 2819 1258 2879 dioen-

119 2921 204 3002 dum·
220 2929 284 2992 est,
320 2918 403 2996 quod
423 2918 552 2997 propria
578 2925 701 2976 careant
721 2915 853 2994 plurali,
890 2917 925 2978 iu
951 2928 1098 2998 quantum
1119 2919 1255 3000 propria.

120 3017 186 3078 Sed
208 3016 390 3095 aliquando·
405 3025 508 3077 tamen
537 3014 733 3075 declinantur
760 3013 795 3074 iu
823 3016 956 3096 plurali,
994 3029 1029 3078 et
1048 3031 1121 3078 tunc
1143 3019 1256 3080 debent

120 3117 242 3196 exponi
272 3135 330 3196 per
356 3115 559 3196 appellativa,
601 3124 636 3174 ut
649 3115 718 3172 duo
738 3115 859 3190 iacobi,
878 3129 880 3133 '
900 3117 935 3176 id
955 3126 1000 3178 est
1020 3117 1083 3178 duo
1102 3118 1254 3198 Apostoli,

119 3215 178 3296 qui
199 3215 330 3274 fuerunt
350 3214 501 3280 nominati
521 3214 669 3292 Iacobusp
685 3213 748 3272 duo
769 3213 915 3289 Catones,
934 3215 968 3274 id
989 3224 1050 3288 est,
1071 3216 1133 3274 duo
1153 3215 1253 3294 Reges

118 3314 174 3375 vel
197 3313 350 3392 sapientes
374 3315 536 3378 Senatores
555 3312 706 3386 Romani,
723 3313 825 3373 vocati
844 3315 961 3391 taliter3
982 3322 1045 3372 tres
1065 3312 1203 3385 Mariae,
1219 3311 1254 3372 id

120 3425 183 3486 est,
212 3423 288 3470 'tres
308 3395 453 3470 mulieres
473 3411 619 3476 babentes
639 3413 700 3471 tale
720 3431 846 3478 nomeu.
907 3411 1065 3492 Respondi
1085 3410 1172 3471 vobis
1192 3430 1251 3490 pro

118 3531 210 3593 posse
226 3530 323 3587 meo,
355 3510 383 3570 si
408 3496 520 3570 scirem
540 3509 667 3584 melius,
701 3509 793 3570 etiam
812 3510 924 3574 melius
943 3510 1136 3590 respondebo
1152 3509 1251 3585 vobis,

120 3621 152 3670 et
173 3630 248 3691 ergo
269 3608 424 3690 accipiatis
444 3608 479 3674 iu
498 3607 761 3689 bonam-partem.
828 3610 869 3670 Et
895 3609 1024 3669 salutate
1050 3609 1130 3668 mihi
1148 3609 1252 3688 pluri·
1344 3637 1350 3644 =

119 3729 207 3768 mum
230 3709 414 3786 Magistrum
438 3693 578 3768 nostrum
600 3708 774 3769 Aruoldum
801 3709 840 3772 dc
860 3707 1030 3791 Tangeris,
1066 3717 1250 3790 praecepto-¹

119 3827 188 3868 rem
208 3807 503 3890 singularissimum,
529 3817 561 3868 et
579 3809 689 3871 valete.
728 3811 769 3869 D.
782 3811 814 3869 S.
1054 3803 1063 3819 ¹

262 3965 266 3982 ,
333 3993 469 4052 Ioannes
487 3989 571 4053 Kalb
584 3994 744 4072 Magistro
763 3992 897 4055 Ortuino
922 3994 1042 4054 Gratia.

198 4110 339 4188 Salutem
361 4108 567 4190 amicabilem!
588 4105 788 4170 Honorabilis
801 4110 937 4175 Domine
942 4141 960 4186 ,¹
974 4109 1168 4197 Venerabilis
1181 4109 1249 4172 Dc-

119 4205 208 4282 mirre
228 4210 396 4292 Magister,
423 4207 542 4286 sciatis,
575 4209 659 4290 quod
679 4210 777 4272 miror
796 4211 903 4288 valde,
925 4209 1080 4300 quomodo
1099 4211 1249 4292 sic‘pote-
