2840 4718
220 383 276 448 tv.
299 336 652 446 concinnantur
671 379 1085 448 canonofflsranon.
1157 379 1239 446 ato·

86 533 235 622 penditio·
247 533 404 622 ieniporie.
444 535 507 601 Sed
520 528 774 620 tamrn'propter
795 531 903 620 pe'cem
924 533 1050 602 videtur
1070 539 1150 602 mibi
1164 541 1221 602 bc-

86 659 179 716 nutu,
200 640 282 704 sicut
300 640 368 701 dixi
379 645 388 715 ,
415 650 460 701 vut
480 639 679 703 dimittantur·
692 655 761 712 eos,
781 640 858 698 uliae
878 638 1018 719 scribent
1029 631 1140 702 ¹eontra
1154 643 1236 719 noa,

33 759 39 784 ¹
87 751 119 801 et
139 732 331 803 facientt'tos
351 733 484 802 infa'mes
503 739 539 800 in
550 739 679 804 ‘caecula’
686 738 891 800 saeculorum.
910 743 1042 819 Hogctr.
1062 743 1126 803 Vos
1142 744 1223 805 bene
1304 785 1306 790 ι

86 839 210 900 sentitis
228 839 390 921 inparte,
411 839 561 922 Magister
569 849 697 912 noster,
718 836 772 896 sed
791 829 918 899 videtur
936 839 1030 914 mihi,
1058 841 1138 903 aient
1163 863 1222 905 vo·-

11 953 16 964 '
88 938 205 1015 camini
224 940 404 1020 Dupliciua,
444 939 530 1023 quod
543 937 629 1013 'citio
644 937 769 1019 duplex
785 936 919 1014 'animo‚
946 939 1038 1019 ·quia
1063 942 1224 1006 declinatis

88 1040 127 1098 ad
147 1051 274 1121 partem·
289 1041 455 1103 adversam
461 1082 472 1117 ,
493 1048 526 1100 et
545 1037 616 1098 ideo
628 1037 707 1098 estis
728 1035 809 1101 mihi
826 1037 918 1098 valde
936 1049 1104 1122 autpertus.
1159 1043 1237 1105 Vos·

88 1137 204 1216 vultio,
224 1139 492 1221 quod'debeamue
512 1157 564 1198 ece
583 1123 758 1206 dimittere:
798 1137 952 1218 numquid
980 1138 1048 1201 dixi
1066 1140 1173 1221 priua,
1197 1143 1225 1204 ei

89 1237 285 1302 dimittimue
299 1259 350 1302 eoo
368 1242 431 1314 ric,
451 1247 551 1300 totum
570 1238 723 1299 mundum
736 1239 973 1318 perverterent?
993 1240 1034 1299 Et
1043 1255 1128 1302 nunc
1139 1243 1226 1304 Ιὶοο-Ι

91 1347 143 1399 tor
162 1337 299 1412 candus,
334 1351 366 1400 et
384 1339 570 1421 Capreolus,
597 1337 785 1412 Duranduc,
813 1337 971 1414 Her-vens,
994 1349 1025 1401 et
1039 1343 1153 1404 caeteri
1175 1360 1227 1404 etr-¹

89 1437 217 1498 lemnae
237 1441 392 1502 Ecbietiae
411 1439 557 1520 jacebunt
576 1437 662 1498 inira
681 1455 842 1497 scamnum
862 1435 897 1496 iu
913 1439 1108 1523 pulveribus.
1147 1443 1225 1506 'Er'

69 1568 74 1584 κ
90 1546 130 1619 go
151 1533 372 1621 consequenter
393 1536 698 1620 MagisterEduatde
716 1538 798 1611 Lee,
827 1555 882 1598 voe
903 1538 974 1598 eatis
995 1541 1169 1618 cordcti0r‚
1194 1554 1227 1606 'et

88 1637 214 1698 hebetia
231 1659 331 1701 enum
345 1639 514 1720 antiquum
536 1638 642 1701 odittm
659 1646 767 1698 contra
787 1629 967 1712 Bructerum,
1003 1649 1035 1701 et
1054 1642 1242 1703 Martinam*

90 1737 268 1812 Lutltemm
279 1783 289 1815 ,
310 1752 341 1804 et
361 1741 490 1802 illorum
512 1736 770 1818 sequacea;·eatie
789 1737 881 1796 etiam
903 1757 983 1799 unua
1004 1740 1105 1802 bonus
1127 1744 1229 1804 Scoti-

92 1848 157 1912 sta,
188 1850 219 1900 et
237 1841 355 1902 habetis
376 1842 478 1902 zelum
499 1837 595 1901 vestri
617 1836 761 1897 Doctoris
781 1837 917 1912 subtilis,
952 1839 1028 1921 quid
1048 1859 1119 1920 ergo
1139 1845 1229 1906 'vobis
1303 1851 1305 1856 ’

92 1937 243 1999 videtur?
295 1929 366 2002 'Eat
408 1941 489 2004 Cum
517 1936 769 2016 supportatione,
817 1939 966 2018 Magister
993 1951 1113 2016 nostor,
1155 1944 1231 2006 licet

93 2037 325 2120 mihi·loquere
345 2051 443 2103 utrum
464 2040 595 2102 verbum
604 2037 620 2096 ‘t
681 2034 812 2114 Hagen.
849 2037 909 2096 Vel
930 2025 1054 2100 centurn
1075 2041 1101 2102 ai
1120 2043 1229 2124 placet.

92 2137 155 2197 Ed.
180 2137 348 2222 Nunquam
378 2140 457 2200 mihi
483 2135 601 2220 placuit
627 2137 684 2197 itte
709 2157 810 2198 novoe
839 2137 963 2212 modus,
1014 2151 1045 2200 et
1076 2141 1125 2201 illi
1153 2143 1230 2204 novi

94 2237 246 2302 Doctores
273 2241 499 2322 Hieronymus,
528 2239 737 2320 Augustinus,
766 2233 963 2311 Athanasius,
986 2247 1017 2298 et
1035 2238 1230 2304 illi'Pcc'tae:
1315 2249 1321 2258 '

95 2337 169 2398 licet
189 2359 254 2399 nou
274 2340 384 2415 scium,
419 2341 496 2422 quid
515 2339 548 2400 in
570 2339 643 2400 iltis·
663 2337 704 2397 sit
729 2329 893 2416 scriptum,
925 2357 1027 2418 neque
1040 2340 1230 2421 intelligam,

95 2435 150 2496 aed
164 2448 268 2500 tamen
289 2441 465 2502 divideret
486 2427 579 2500 etiarn
599 2434 779 2500 hominibus
799 2435 931 2511 vixisse,
953 2449 983 2498 et
1002 2437 1138 2501 facerem
1151 2443 1231 2503 mihi

96 2557 213 2598 nomen
232 2537 321 2618 juxta
350 2557 466 2600 nornen
492 2525 696 2620 magnobodi,
726 2547 801 2596 tres
821 2556 918 2596 annea
937 2537 1084 2618 perdidi,
1120 2542 1232 2622 quibua

96 2637 266 2718 aliquando
287 2641 487 2721 protelatio,
508 2637 633 2720 quando
653 2659 718 2700 non
738 2635 828 2700 volui
848 2635 951 2715 legere
971 2637 1006 2698 iu
1027 2641 1135 2715 Scoto,
1162 2654 1232 2723 poet

97 2727 266 2820 preudiunr
286 2740 470 2822 frequenter
488 2741 552 2822 tegi
572 2740 744 2814 Graecum,
784 2747 815 2799 et
834 2737 905 2798 illoc
926 2737 1061 2798 Graecos
1081 2741 1244 2832 Doctores*

98 2838 256 2914 cursorie,
296 2838 377 2902 e'icut
404 2837 606 2900 Baeculaurei
632 2837 731 2899 nostri
760 2838 869 2919 legunt
896 2839 1083 2915 Sententiae,
1126 2852 1157 2903 et
1176 2865 1235 2924 per

99 2939 205 2998 Deum
225 2949 382 3014 sanctum,
403 2929 489 3020 quid
501 2939 646 2998 deberem
668 2939 796 2998 dicere?
818 2937 959 3013 Invenio,
981 2941 1063 3020 quod
1083 2940 1165 3003 nihil
1181 2955 1235 3020 est,

100 3037 161 3098 nisi
174 3056 249 3099 -una
269 3038 460 3114 falsificam,
495 3023 571 3119 quia
596 3037 653 3098 ille
674 3038 821 3098 Erasmus
835 3037 1012 3100 falsificavit
1031 3061 1150 3102 novum
1172 3046 1237 3105 Te-

100 3146 306 3214 stamentum,
349 3141 423 3221 quie
451 3139 579 3198 omnino
609 3157 674 3197 non
695 3136 828 3197 habetur
845 3137 881 3198 in
901 3147 1006 3200 nostra
1025 3142 1235 3219 nuntiatione,

102 3257 179 3316 quae
200 3249 306 3302 tamen
325 3259 401 3300 vere
419 3241 464 3301 eo't
483 3236 687 3318 Hieronymi,
721 3235 801 3296 sicut
821 3237 888 3318 ipsc
906 3240 1067 3320 pervertit.
1106 3241 1237 3301 Nihilo-

101 3338 206 3399 minus
225 3348 406 3418 iamen'ego
430 3339 539 3399 utonui
561 3337 720 3398 hominem
740 3335 940 3412 charitative,
988 3347 1027 3399 ut
1047 3359 1081 3398 se
1101 3340 1238 3420 corrige-

101 3449 164 3512 ret,
207 3439 261 3500 vel
289 3439 354 3500 tuis
379 3439 629 3500 annotationibus
657 3436 752 3497 etiam
773 3446 892 3498 nostrae
913 3429 1056 3512 adderet,
1095 3439 1123 3498 ei
1145 3440 1239 3502 vellet

103 3537 232 3598 omnino
252 3543 316 3599 esee
336 3540 386 3600 eui
408 3538 526 3620 capitia.
589 3539 680 3600 Tunc
700 3539 764 3600 tuit
783 3537 859 3598 adeo
881 3537 1031 3617 superbus
1041 3577 1051 3611 ,
1078 3539 1162 3618 quod
1182 3542 1238 3624 ab·
1328 3586 1332 3593 .

103 3637 327 3702 uererentur
348 3656 420 3702 cum
435 3637 590 3701 schedulis
598 3637 642 3716 *).
659 3655 662 3664 ⁴
682 3641 818 3720 Hegetr..
832 3635 898 3720 Ego
918 3638 998 3700 bene
1017 3637 1135 3716 audivi,
1153 3641 1249 3720 quod·

181 3923 206 3990 Ἴ
224 3923 290 3986 Mau
301 3923 388 3993 vergi.¹
397 3923 466 3978 iiber
485 3921 531 3979 die
543 3920 757 3990 ‘Streitigkeiteu
771 3917 881 3974 Eduerd
893 3920 972 3973 Lee’a
988 3916 1039 3970 ruit
1050 3921 1177 3972 Enetum
1194 3919 1240 3974 die

104 4005 291 4076 Biogrephieu
302 4009 391 4070 dieser
407 4009 524 4062 letzteru
541 4024 595 4061 von
611 4005 723 4074 Burigni
735 4003 791 4058 und
803 4007 897 4069 Hera,
916 4004 987 4056 auch
1007 4003 1053 4078 die
1070 4003 1170 4056 darauf
1182 4004 1242 4056 sich

104 4090 294 4144 beziehenden
308 4093 399 4164 brieie
415 4095 444 4145 iu
457 4095 572 4146 Huttens
593 4091 724 4156 Werken.
774 4091 838 4142 Man
853 4089 921 4142 wird
936 4088 1069 4140 zwischeu
1090 4089 1145 4140 don
1157 4093 1243 4140 Acus-

105 4193 241 4244 seruugen
270 4177 317 4229 des
347 4177 449 4230 Ritters
468 4178 538 4230 iiber
558 4175 639 4244 jeueu
660 4163 853 4243 bcriiohtigteu
876 4174 1070 4244 Klopffeohter
1093 4173 1123 4224 in
1147 4173 1244 4224 diesen

104 4260 232 4326 Brieieu,
247 4263 305 4314 und
319 4263 373 4314 den
387 4261 554 4332 spdttischeu
563 4262 669 4314 Stelleu
683 4259 721 4314 im
733 4259 927 4328 vorliegeuden
938 4255 1095 4328 Gesprbche
1111 4257 1157 4310 die
1171 4258 1244 4326 inni-

105 4360 140 4412 ge
159 4345 397 4402 Verwaudtschait
409 4347 485 4400 nieht
497 4348 661 4401 verkcnueu.
746 4349 750 4359 '
1022 4343 1024 4348 ’
1128 4341 1132 4351 ’
