<?xml version="1.0" encoding="UTF-8"?>
<!DOCTYPE html PUBLIC "-//W3C//DTD XHTML 1.0 Transitional//EN"
    "http://www.w3.org/TR/xhtml1/DTD/xhtml1-transitional.dtd">
<html xmlns="http://www.w3.org/1999/xhtml" xml:lang="en" lang="en">
 <head>
  <title>
</title>
<meta http-equiv="Content-Type" content="text/html;charset=utf-8" />
  <meta name='ocr-system' content='tesseract 3.04.00' />
  <meta name='ocr-capabilities' content='ocr_page ocr_carea ocr_par ocr_line ocrx_word'/>
</head>
<body>
  <div class='ocr_page' id='page_1' title='image "./ulrichiabhutten04mngoog_0504.png"; bbox 0 0 2846 4716; ppageno 0'>
   <div class='ocr_carea' id='block_1_1' title="bbox 225 316 1042 392">
    <p class='ocr_par' dir='ltr' id='par_1_1' title="bbox 225 316 1042 392">
     <span class='ocr_line' id='line_1_1' title="bbox 225 316 1042 392; baseline -0.009 -3"><span class='ocrx_word' id='word_1_1' title='bbox 225 321 291 392; x_wconf 80' lang='lat'><strong>498</strong></span> <span class='ocrx_word' id='word_1_2' title='bbox 537 316 1042 385; x_wconf 72' lang='lat' dir='ltr'><strong>ruluauuruls.</strong></span> 
     </span>
    </p>
   </div>
   <div class='ocr_carea' id='block_1_2' title="bbox 133 473 1398 4060">
    <p class='ocr_par' dir='ltr' id='par_1_2' title="bbox 133 473 1398 4060">
     <span class='ocr_line' id='line_1_2' title="bbox 228 473 1340 560; baseline -0.002 -18"><span class='ocrx_word' id='word_1_3' title='bbox 228 482 302 542; x_wconf 79' lang='lat' dir='ltr'><strong>itam</strong></span> <span class='ocrx_word' id='word_1_4' title='bbox 333 489 367 540; x_wconf 81' lang='lat' dir='ltr'><strong>et</strong></span> <span class='ocrx_word' id='word_1_5' title='bbox 389 473 596 545; x_wconf 73' lang='lat' dir='ltr'><strong>uersentur·</strong></span> <span class='ocrx_word' id='word_1_6' title='bbox 616 478 790 560; x_wconf 85' lang='lat' dir='ltr'><strong>puellisque</strong></span> <span class='ocrx_word' id='word_1_7' title='bbox 818 475 889 540; x_wconf 83' lang='lat' dir='ltr'><strong>flori</strong></span> <span class='ocrx_word' id='word_1_8' title='bbox 920 476 1084 542; x_wconf 74' lang='lat' dir='ltr'><strong>somam</strong></span> <span class='ocrx_word' id='word_1_9' title='bbox 1113 475 1340 558; x_wconf 71' lang='lat' dir='ltr'><strong>ingredientibus</strong></span> 
     </span>
     <span class='ocr_line' id='line_1_3' title="bbox 229 579 1340 652; baseline -0.002 -10"><span class='ocrx_word' id='word_1_10' title='bbox 229 581 422 642; x_wconf 84' lang='lat' dir='ltr'><strong>monasteria.</strong></span> <span class='ocrx_word' id='word_1_11' title='bbox 462 581 529 642; x_wconf 77' lang='lat' dir='ltr'><strong>Jam</strong></span> <span class='ocrx_word' id='word_1_12' title='bbox 550 599 626 641; x_wconf 81' lang='lat' dir='ltr'><strong>vero</strong></span> <span class='ocrx_word' id='word_1_13' title='bbox 647 599 718 639; x_wconf 89' lang='lat' dir='ltr'><strong>oum</strong></span> <span class='ocrx_word' id='word_1_14' title='bbox 741 579 897 640; x_wconf 85' lang='lat' dir='ltr'><strong>avaritiae·</strong></span> <span class='ocrx_word' id='word_1_15' title='bbox 909 579 982 639; x_wconf 84' lang='lat' dir='ltr'><strong>satis</strong></span> <span class='ocrx_word' id='word_1_16' title='bbox 1004 599 1070 640; x_wconf 85' lang='lat' dir='ltr'><strong>asse</strong></span> <span class='ocrx_word' id='word_1_17' title='bbox 1088 579 1250 652; x_wconf 82' lang='lat' dir='ltr'><strong>videatur,</strong></span> <span class='ocrx_word' id='word_1_18' title='bbox 1273 580 1340 640; x_wconf 84' lang='lat' dir='ltr'><strong>nibil</strong></span> 
     </span>
     <span class='ocr_line' id='line_1_4' title="bbox 228 677 1340 760; baseline -0.004 -18"><span class='ocrx_word' id='word_1_19' title='bbox 228 679 403 760; x_wconf 82' lang='lat' dir='ltr'><strong>(monacbis</strong></span> <span class='ocrx_word' id='word_1_20' title='bbox 423 682 559 740; x_wconf 82' lang='lat' dir='ltr'><strong>maxima</strong></span> <span class='ocrx_word' id='word_1_21' title='bbox 585 677 760 758; x_wconf 84' lang='lat' dir='ltr'><strong>nonnisque</strong></span> <span class='ocrx_word' id='word_1_22' title='bbox 780 677 939 758; x_wconf 73' lang='lat' dir='ltr'><strong>agentibus</strong></span> <span class='ocrx_word' id='word_1_23' title='bbox 966 678 1021 751; x_wconf 86' lang='lat' dir='ltr'><strong>id,</strong></span> <span class='ocrx_word' id='word_1_24' title='bbox 1048 697 1183 759; x_wconf 85' lang='lat' dir='ltr'><strong>quorum</strong></span> <span class='ocrx_word' id='word_1_25' title='bbox 1213 677 1340 760; x_wconf 84' lang='lat' dir='ltr'><strong>inexpla-</strong></span> 
     </span>
     <span class='ocr_line' id='line_1_5' title="bbox 228 771 1341 860; baseline -0.005 -16"><span class='ocrx_word' id='word_1_26' title='bbox 228 785 324 844; x_wconf 85' lang='lat' dir='ltr'><strong>bilem</strong></span> <span class='ocrx_word' id='word_1_27' title='bbox 354 777 492 860; x_wconf 82' lang='lat' dir='ltr'><strong>quotidie</strong></span> <span class='ocrx_word' id='word_1_28' title='bbox 531 778 692 839; x_wconf 82' lang='lat' dir='ltr'><strong>avaritiam</strong></span> <span class='ocrx_word' id='word_1_29' title='bbox 720 771 889 857; x_wconf 84' lang='lat' dir='ltr'><strong>ceruimus)</strong></span> <span class='ocrx_word' id='word_1_30' title='bbox 918 778 1030 840; x_wconf 82' lang='lat' dir='ltr'><strong>fratres</strong></span> <span class='ocrx_word' id='word_1_31' title='bbox 1056 789 1164 840; x_wconf 84' lang='lat' dir='ltr'><strong>eontra</strong></span> <span class='ocrx_word' id='word_1_32' title='bbox 1185 777 1292 838; x_wconf 86' lang='lat' dir='ltr'><strong>fratrea</strong></span> <span class='ocrx_word' id='word_1_33' title='bbox 1310 779 1341 838; x_wconf 86' lang='lat' dir='ltr'><strong>ad</strong></span> 
     </span>
     <span class='ocr_line' id='line_1_6' title="bbox 228 877 1341 964; baseline -0.009 -18"><span class='ocrx_word' id='word_1_34' title='bbox 228 881 427 964; x_wconf 82' lang='lat' dir='ltr'><strong>repetendam</strong></span> <span class='ocrx_word' id='word_1_35' title='bbox 447 878 637 958; x_wconf 77' lang='lat' dir='ltr'><strong>patrimonii</strong></span> <span class='ocrx_word' id='word_1_36' title='bbox 659 877 785 958; x_wconf 85' lang='lat' dir='ltr'><strong>plenam</strong></span> <span class='ocrx_word' id='word_1_37' title='bbox 804 887 938 953; x_wconf 85' lang='lat' dir='ltr'><strong>sortem,</strong></span> <span class='ocrx_word' id='word_1_38' title='bbox 982 879 1070 940; x_wconf 83' lang='lat' dir='ltr'><strong>velut</strong></span> <span class='ocrx_word' id='word_1_39' title='bbox 1091 879 1246 942; x_wconf 78' lang='lat' dir='ltr'>actionem</span> <span class='ocrx_word' id='word_1_40' title='bbox 1264 899 1341 958; x_wconf 84' lang='lat' dir='ltr'><strong>repa·</strong></span> 
     </span>
     <span class='ocr_line' id='line_1_7' title="bbox 227 969 1341 1060; baseline -0.01 -14"><span class='ocrx_word' id='word_1_41' title='bbox 227 983 405 1053; x_wconf 79' lang='lat' dir='ltr'><strong>turdarum,</strong></span> <span class='ocrx_word' id='word_1_42' title='bbox 426 971 478 1037; x_wconf 89' lang='lat' dir='ltr'><strong>bio</strong></span> <span class='ocrx_word' id='word_1_43' title='bbox 498 969 592 1040; x_wconf 65' lang='lat' dir='ltr'><strong>malis„</strong></span> <span class='ocrx_word' id='word_1_44' title='bbox 609 977 647 1037; x_wconf 83' lang='lat' dir='ltr'><strong>ad</strong></span> <span class='ocrx_word' id='word_1_45' title='bbox 668 997 723 1048; x_wconf 74' lang='lat' dir='ltr'><strong>nos</strong></span> <span class='ocrx_word' id='word_1_46' title='bbox 746 977 856 1039; x_wconf 86' lang='lat' dir='ltr'><strong>avibus</strong></span> <span class='ocrx_word' id='word_1_47' title='bbox 877 981 1008 1039; x_wconf 66' lang='lat' dir='ltr'><strong>&amp;tanae</strong></span> <span class='ocrx_word' id='word_1_48' title='bbox 1027 979 1145 1060; x_wconf 81' lang='lat' dir='ltr'><strong>lagatus</strong></span> <span class='ocrx_word' id='word_1_49' title='bbox 1167 976 1341 1046; x_wconf 70' lang='lat' dir='ltr'>concitabit?</span> 
     </span>
     <span class='ocr_line' id='line_1_8' title="bbox 168 1077 1342 1163; baseline -0.008 -18"><span class='ocrx_word' id='word_1_50' title='bbox 168 1153 174 1163; x_wconf 39' lang='lat'><strong><em>¹</em></strong></span> <span class='ocrx_word' id='word_1_51' title='bbox 226 1085 382 1145; x_wconf 85' lang='lat' dir='ltr'><strong>bellorum</strong></span> <span class='ocrx_word' id='word_1_52' title='bbox 402 1079 650 1140; x_wconf 64' lang='lat' dir='ltr'><strong>saeusdmorum</strong></span> <span class='ocrx_word' id='word_1_53' title='bbox 692 1077 898 1158; x_wconf 81' lang='lat' dir='ltr'><strong>odiorumque</strong></span> <span class='ocrx_word' id='word_1_54' title='bbox 930 1077 1235 1150; x_wconf 68' lang='lat' dir='ltr'><strong>crudelissimorum,</strong></span> <span class='ocrx_word' id='word_1_55' title='bbox 1272 1097 1342 1136; x_wconf 85' lang='lat' dir='ltr'><strong>mor-</strong></span> 
     </span>
     <span class='ocr_line' id='line_1_9' title="bbox 226 1175 1340 1258; baseline -0.009 -12"><span class='ocrx_word' id='word_1_56' title='bbox 226 1185 306 1246; x_wconf 83' lang='lat' dir='ltr'><strong>tium</strong></span> <span class='ocrx_word' id='word_1_57' title='bbox 328 1177 464 1258; x_wconf 79' lang='lat' dir='ltr'><strong>daniqna</strong></span> <span class='ocrx_word' id='word_1_58' title='bbox 506 1188 538 1240; x_wconf 89' lang='lat' dir='ltr'><strong>at</strong></span> <span class='ocrx_word' id='word_1_59' title='bbox 566 1175 815 1258; x_wconf 84' lang='lat' dir='ltr'><strong>turpissimarum</strong></span> <span class='ocrx_word' id='word_1_60' title='bbox 847 1190 878 1238; x_wconf 84' lang='lat' dir='ltr'><strong>et</strong></span> <span class='ocrx_word' id='word_1_61' title='bbox 911 1179 1155 1240; x_wconf 83' lang='lat' dir='ltr'><strong>miserrimarum</strong></span> <span class='ocrx_word' id='word_1_62' title='bbox 1185 1175 1239 1236; x_wconf 90' lang='lat' dir='ltr'><strong>bio</strong></span> <span class='ocrx_word' id='word_1_63' title='bbox 1268 1176 1340 1236; x_wconf 87' lang='lat' dir='ltr'><strong>nobis</strong></span> 
     </span>
     <span class='ocr_line' id='line_1_10' title="bbox 226 1275 1340 1362; baseline -0.01 -17"><span class='ocrx_word' id='word_1_64' title='bbox 226 1284 399 1362; x_wconf 74' lang='lat' dir='ltr'><strong>Imperator</strong></span> <span class='ocrx_word' id='word_1_65' title='bbox 419 1279 587 1340; x_wconf 84' lang='lat' dir='ltr'><strong>Tartareus</strong></span> <span class='ocrx_word' id='word_1_66' title='bbox 607 1277 779 1350; x_wconf 84' lang='lat' dir='ltr'><strong>buccinam,</strong></span> <span class='ocrx_word' id='word_1_67' title='bbox 801 1297 859 1338; x_wconf 82' lang='lat' dir='ltr'><strong>eeu</strong></span> <span class='ocrx_word' id='word_1_68' title='bbox 879 1298 1002 1360; x_wconf 83' lang='lat' dir='ltr'><strong>pugnae</strong></span> <span class='ocrx_word' id='word_1_69' title='bbox 1021 1277 1154 1357; x_wconf 75' lang='lat' dir='ltr'><strong>siguum,</strong></span> <span class='ocrx_word' id='word_1_70' title='bbox 1177 1275 1340 1357; x_wconf 79' lang='lat' dir='ltr'><strong>praecineti</strong></span> 
     </span>
     <span class='ocr_line' id='line_1_11' title="bbox 226 1374 1339 1460; baseline -0.007 -18"><span class='ocrx_word' id='word_1_71' title='bbox 226 1377 379 1460; x_wconf 81' lang='lat' dir='ltr'><strong>Dispicite</strong></span> <span class='ocrx_word' id='word_1_72' title='bbox 398 1376 461 1451; x_wconf 87' lang='lat' dir='ltr'><strong>hio,</strong></span> <span class='ocrx_word' id='word_1_73' title='bbox 485 1397 504 1436; x_wconf 94' lang='lat' dir='ltr'><strong>o</strong></span> <span class='ocrx_word' id='word_1_74' title='bbox 526 1375 686 1451; x_wconf 76' lang='lat' dir='ltr'><strong>Germani,</strong></span> <span class='ocrx_word' id='word_1_75' title='bbox 706 1375 769 1454; x_wconf 80' lang='lat' dir='ltr'><strong>jans</strong></span> <span class='ocrx_word' id='word_1_76' title='bbox 790 1377 917 1438; x_wconf 84' lang='lat' dir='ltr'><strong>demum</strong></span> <span class='ocrx_word' id='word_1_77' title='bbox 930 1388 1036 1460; x_wconf 82' lang='lat' dir='ltr'><strong>aperta</strong></span> <span class='ocrx_word' id='word_1_78' title='bbox 1055 1377 1142 1452; x_wconf 77' lang='lat' dir='ltr'><strong>tuoe,</strong></span> <span class='ocrx_word' id='word_1_79' title='bbox 1165 1377 1275 1456; x_wconf 88' lang='lat' dir='ltr'><strong>quibua</strong></span> <span class='ocrx_word' id='word_1_80' title='bbox 1291 1374 1339 1456; x_wconf 86' lang='lat' dir='ltr'><strong>jam</strong></span> 
     </span>
     <span class='ocr_line' id='line_1_12' title="bbox 225 1475 1341 1558; baseline -0.008 -16"><span class='ocrx_word' id='word_1_81' title='bbox 225 1479 349 1543; x_wconf 84' lang='lat' dir='ltr'><strong>tandem</strong></span> <span class='ocrx_word' id='word_1_82' title='bbox 370 1495 405 1536; x_wconf 90' lang='lat' dir='ltr'><strong>ao</strong></span> <span class='ocrx_word' id='word_1_83' title='bbox 426 1493 497 1536; x_wconf 86' lang='lat' dir='ltr'><strong>sero</strong></span> <span class='ocrx_word' id='word_1_84' title='bbox 517 1478 614 1557; x_wconf 85' lang='lat' dir='ltr'><strong>probe</strong></span> <span class='ocrx_word' id='word_1_85' title='bbox 634 1477 795 1536; x_wconf 81' lang='lat' dir='ltr'><strong>cerebrum</strong></span> <span class='ocrx_word' id='word_1_86' title='bbox 815 1477 940 1558; x_wconf 80' lang='lat' dir='ltr'><strong>vigere,</strong></span> <span class='ocrx_word' id='word_1_87' title='bbox 981 1477 1066 1558; x_wconf 86' lang='lat' dir='ltr'><strong>quod</strong></span> <span class='ocrx_word' id='word_1_88' title='bbox 1085 1477 1211 1538; x_wconf 86' lang='lat' dir='ltr'><strong>nullum</strong></span> <span class='ocrx_word' id='word_1_89' title='bbox 1232 1475 1341 1535; x_wconf 85' lang='lat' dir='ltr'><strong>antehae</strong></span> 
     </span>
     <span class='ocr_line' id='line_1_13' title="bbox 226 1573 1340 1658; baseline -0.005 -18"><span class='ocrx_word' id='word_1_90' title='bbox 226 1579 305 1652; x_wconf 85' lang='lat' dir='ltr'><strong>fuit,</strong></span> <span class='ocrx_word' id='word_1_91' title='bbox 327 1576 454 1658; x_wconf 63' lang='lat' dir='ltr'><strong>incipite</strong></span> <span class='ocrx_word' id='word_1_92' title='bbox 475 1576 536 1636; x_wconf 85' lang='lat' dir='ltr'><strong>boo</strong></span> <span class='ocrx_word' id='word_1_93' title='bbox 554 1595 596 1636; x_wconf 87' lang='lat' dir='ltr'><strong>na</strong></span> <span class='ocrx_word' id='word_1_94' title='bbox 615 1575 785 1656; x_wconf 87' lang='lat' dir='ltr'><strong>Apo‘stolioi</strong></span> <span class='ocrx_word' id='word_1_95' title='bbox 807 1573 914 1657; x_wconf 80' lang='lat' dir='ltr'><strong>legati,</strong></span> <span class='ocrx_word' id='word_1_96' title='bbox 935 1576 1039 1638; x_wconf 84' lang='lat' dir='ltr'><strong>nuntii</strong></span> <span class='ocrx_word' id='word_1_97' title='bbox 1057 1577 1157 1658; x_wconf 86' lang='lat' dir='ltr'><strong>pacis,</strong></span> <span class='ocrx_word' id='word_1_98' title='bbox 1186 1575 1284 1656; x_wconf 80' lang='lat' dir='ltr'><strong>angeli</strong></span> <span class='ocrx_word' id='word_1_99' title='bbox 1301 1575 1340 1634; x_wconf 84' lang='lat' dir='ltr'><strong>lu·</strong></span> 
     </span>
     <span class='ocr_line' id='line_1_14' title="bbox 226 1673 1340 1756; baseline -0.009 -15"><span class='ocrx_word' id='word_1_100' title='bbox 226 1680 287 1747; x_wconf 86' lang='lat' dir='ltr'><strong>oia,</strong></span> <span class='ocrx_word' id='word_1_101' title='bbox 308 1697 343 1736; x_wconf 90' lang='lat' dir='ltr'><strong>ao</strong></span> <span class='ocrx_word' id='word_1_102' title='bbox 365 1695 429 1736; x_wconf 85' lang='lat' dir='ltr'><strong>nou</strong></span> <span class='ocrx_word' id='word_1_103' title='bbox 449 1676 552 1756; x_wconf 89' lang='lat' dir='ltr'><strong>potius</strong></span> <span class='ocrx_word' id='word_1_104' title='bbox 572 1673 698 1756; x_wconf 75' lang='lat' dir='ltr'><strong>pessimi</strong></span> <span class='ocrx_word' id='word_1_105' title='bbox 720 1677 884 1738; x_wconf 81' lang='lat' dir='ltr'><strong>nebulonis</strong></span> <span class='ocrx_word' id='word_1_106' title='bbox 891 1717 901 1751; x_wconf 89' lang='lat'><strong>,</strong></span> <span class='ocrx_word' id='word_1_107' title='bbox 933 1676 1101 1738; x_wconf 72' lang='lat' dir='ltr'><strong>turbatoris</strong></span> <span class='ocrx_word' id='word_1_108' title='bbox 1122 1676 1255 1756; x_wconf 78' lang='lat' dir='ltr'><strong>quietio,</strong></span> <span class='ocrx_word' id='word_1_109' title='bbox 1281 1673 1340 1732; x_wconf 82' lang='lat' dir='ltr'><strong>mali</strong></span> 
     </span>
     <span class='ocr_line' id='line_1_15' title="bbox 183 1769 1340 1850; baseline -0.008 -9"><span class='ocrx_word' id='word_1_110' title='bbox 183 1783 188 1808; x_wconf 69' lang='lat'>¹</span> <span class='ocrx_word' id='word_1_111' title='bbox 221 1776 401 1850; x_wconf 86' lang='lat' dir='ltr'><strong>daemonis,</strong></span> <span class='ocrx_word' id='word_1_112' title='bbox 423 1794 459 1835; x_wconf 87' lang='lat' dir='ltr'><strong>ae</strong></span> <span class='ocrx_word' id='word_1_113' title='bbox 474 1774 629 1834; x_wconf 82' lang='lat' dir='ltr'><strong>omnibus</strong></span> <span class='ocrx_word' id='word_1_114' title='bbox 649 1769 689 1834; x_wconf 89' lang='lat' dir='ltr'><strong>ob</strong></span> <span class='ocrx_word' id='word_1_115' title='bbox 710 1776 872 1836; x_wconf 80' lang='lat' dir='ltr'><strong>avaritiam</strong></span> <span class='ocrx_word' id='word_1_116' title='bbox 888 1776 1034 1836; x_wconf 82' lang='lat' dir='ltr'><strong>oonoitati</strong></span> <span class='ocrx_word' id='word_1_117' title='bbox 1048 1775 1141 1837; x_wconf 77' lang='lat' dir='ltr'><strong>furiis</strong></span> <span class='ocrx_word' id='word_1_118' title='bbox 1156 1777 1199 1837; x_wconf 86' lang='lat' dir='ltr'><strong>sit</strong></span> <span class='ocrx_word' id='word_1_119' title='bbox 1212 1775 1340 1850; x_wconf 69' lang='lat' dir='ltr'><strong>officium</strong></span> 
     </span>
     <span class='ocr_line' id='line_1_16' title="bbox 225 1863 1340 1960; baseline -0.007 -20"><span class='ocrx_word' id='word_1_120' title='bbox 225 1863 477 1960; x_wconf 79' lang='lat' dir='ltr'><strong>expergiscimini</strong></span> <span class='ocrx_word' id='word_1_121' title='bbox 497 1873 599 1933; x_wconf 84' lang='lat' dir='ltr'><strong>adhue</strong></span> <span class='ocrx_word' id='word_1_122' title='bbox 626 1883 658 1934; x_wconf 86' lang='lat' dir='ltr'><strong>et</strong></span> <span class='ocrx_word' id='word_1_123' title='bbox 684 1876 1092 1955; x_wconf 63' lang='lat' dir='ltr'><strong>capessitsz&#39;sompuolioam.</strong></span> <span class='ocrx_word' id='word_1_124' title='bbox 1139 1877 1254 1956; x_wconf 76' lang='lat' dir='ltr'><strong>Legat.</strong></span> <span class='ocrx_word' id='word_1_125' title='bbox 1270 1873 1340 1952; x_wconf 86' lang='lat' dir='ltr'><strong>Quid</strong></span> 
     </span>
     <span class='ocr_line' id='line_1_17' title="bbox 133 1969 1398 2057; baseline -0.006 -17"><span class='ocrx_word' id='word_1_126' title='bbox 133 2001 138 2016; x_wconf 86' lang='lat'><strong><em>¹</em></strong></span> <span class='ocrx_word' id='word_1_127' title='bbox 225 1980 269 2040; x_wconf 90' lang='lat' dir='ltr'><strong>ita</strong></span> <span class='ocrx_word' id='word_1_128' title='bbox 290 1974 446 2036; x_wconf 67' lang='lat' dir='ltr'><strong>moveris?</strong></span> <span class='ocrx_word' id='word_1_129' title='bbox 482 1975 580 2034; x_wconf 82' lang='lat' dir='ltr'><strong>Puer.</strong></span> <span class='ocrx_word' id='word_1_130' title='bbox 600 1972 688 2034; x_wconf 81' lang='lat' dir='ltr'><strong>Adeo</strong></span> <span class='ocrx_word' id='word_1_131' title='bbox 709 1997 774 2034; x_wconf 89' lang='lat' dir='ltr'><strong>non</strong></span> <span class='ocrx_word' id='word_1_132' title='bbox 792 1975 900 2057; x_wconf 76' lang='lat' dir='ltr'><strong>placet</strong></span> <span class='ocrx_word' id='word_1_133' title='bbox 917 1975 997 2036; x_wconf 89' lang='lat' dir='ltr'><strong>mihi</strong></span> <span class='ocrx_word' id='word_1_134' title='bbox 1018 1976 1061 2049; x_wconf 88' lang='lat' dir='ltr'><strong>id,</strong></span> <span class='ocrx_word' id='word_1_135' title='bbox 1082 1969 1279 2037; x_wconf 76' lang='lat' dir='ltr'><strong>Germaniam</strong></span> <span class='ocrx_word' id='word_1_136' title='bbox 1296 1993 1339 2054; x_wconf 81' lang='lat' dir='ltr'><strong>ge-</strong></span> <span class='ocrx_word' id='word_1_137' title='bbox 1397 2021 1398 2026; x_wconf 30' lang='lat'>1</span> 
     </span>
     <span class='ocr_line' id='line_1_18' title="bbox 224 2073 1337 2150; baseline -0.003 -14"><span class='ocrx_word' id='word_1_138' title='bbox 224 2078 354 2142; x_wconf 82' lang='lat' dir='ltr'><strong>nuinam</strong></span> <span class='ocrx_word' id='word_1_139' title='bbox 376 2093 463 2134; x_wconf 85' lang='lat' dir='ltr'><strong>suam</strong></span> <span class='ocrx_word' id='word_1_140' title='bbox 484 2073 659 2133; x_wconf 85' lang='lat' dir='ltr'><strong>ammittere</strong></span> <span class='ocrx_word' id='word_1_141' title='bbox 680 2073 773 2134; x_wconf 87' lang='lat' dir='ltr'><strong>fidem</strong></span> <span class='ocrx_word' id='word_1_142' title='bbox 781 2089 803 2150; x_wconf 70' lang='lat'><strong>,¹</strong></span> <span class='ocrx_word' id='word_1_143' title='bbox 819 2088 926 2137; x_wconf 76' lang='lat' dir='ltr'><strong>vetars</strong></span> <span class='ocrx_word' id='word_1_144' title='bbox 948 2097 1004 2136; x_wconf 86' lang='lat' dir='ltr'><strong>aua</strong></span> <span class='ocrx_word' id='word_1_145' title='bbox 1023 2085 1055 2136; x_wconf 87' lang='lat' dir='ltr'><strong>te</strong></span> <span class='ocrx_word' id='word_1_146' title='bbox 1077 2088 1188 2138; x_wconf 83' lang='lat' dir='ltr'><strong>autore</strong></span> <span class='ocrx_word' id='word_1_147' title='bbox 1209 2075 1337 2136; x_wconf 84' lang='lat' dir='ltr'><strong>instituta:</strong></span> 
     </span>
     <span class='ocr_line' id='line_1_19' title="bbox 146 2172 1338 2258; baseline -0.002 -22"><span class='ocrx_word' id='word_1_148' title='bbox 146 2215 150 2224; x_wconf 52' lang='grc' dir='ltr'><em>ι</em></span> <span class='ocrx_word' id='word_1_149' title='bbox 225 2197 319 2258; x_wconf 85' lang='lat' dir='ltr'><strong>quam</strong></span> <span class='ocrx_word' id='word_1_150' title='bbox 339 2174 454 2236; x_wconf 83' lang='lat' dir='ltr'><strong>vellem</strong></span> <span class='ocrx_word' id='word_1_151' title='bbox 476 2185 539 2234; x_wconf 87' lang='lat' dir='ltr'><strong>&#39;non</strong></span> <span class='ocrx_word' id='word_1_152' title='bbox 565 2172 686 2232; x_wconf 85' lang='lat' dir='ltr'><strong>audisse</strong></span> <span class='ocrx_word' id='word_1_153' title='bbox 708 2174 783 2234; x_wconf 86' lang='lat' dir='ltr'><strong>haee</strong></span> <span class='ocrx_word' id='word_1_154' title='bbox 804 2191 864 2234; x_wconf 85' lang='lat' dir='ltr'><strong>me.</strong></span> <span class='ocrx_word' id='word_1_155' title='bbox 906 2179 1029 2236; x_wconf 60' lang='lat' dir='ltr'><strong>Hanno.</strong></span> <span class='ocrx_word' id='word_1_156' title='bbox 1051 2177 1153 2236; x_wconf 85' lang='lat' dir='ltr'><strong>Erunt</strong></span> <span class='ocrx_word' id='word_1_157' title='bbox 1173 2175 1273 2250; x_wconf 84' lang='lat' dir='ltr'><strong>forto,-</strong></span> <span class='ocrx_word' id='word_1_158' title='bbox 1296 2173 1338 2255; x_wconf 86' lang='lat' dir='ltr'><strong>qui</strong></span> 
     </span>
     <span class='ocr_line' id='line_1_20' title="bbox 193 2273 1337 2354; baseline -0.006 -15"><span class='ocrx_word' id='word_1_159' title='bbox 193 2319 197 2326; x_wconf 90' lang='lat'>-</span> <span class='ocrx_word' id='word_1_160' title='bbox 225 2277 354 2339; x_wconf 86' lang='lat' dir='ltr'><strong>ethaeo</strong></span> <span class='ocrx_word' id='word_1_161' title='bbox 378 2283 484 2354; x_wconf 81' lang='lat' dir='ltr'><strong>petent</strong></span> <span class='ocrx_word' id='word_1_162' title='bbox 522 2273 696 2352; x_wconf 71' lang='lat' dir='ltr'><strong>quibusque</strong></span> <span class='ocrx_word' id='word_1_163' title='bbox 727 2274 798 2336; x_wconf 88' lang='lat' dir='ltr'><strong>usui</strong></span> <span class='ocrx_word' id='word_1_164' title='bbox 819 2295 856 2335; x_wconf 87' lang='lat' dir='ltr'><strong>ea</strong></span> <span class='ocrx_word' id='word_1_165' title='bbox 872 2286 971 2336; x_wconf 80' lang='lat' dir='ltr'><strong>erunt</strong></span> <span class='ocrx_word' id='word_1_166' title='bbox 989 2276 1175 2350; x_wconf 80' lang='lat' dir='ltr'><strong>admodum,</strong></span> <span class='ocrx_word' id='word_1_167' title='bbox 1220 2275 1272 2335; x_wconf 86' lang='lat' dir='ltr'><strong>hos</strong></span> <span class='ocrx_word' id='word_1_168' title='bbox 1289 2275 1337 2334; x_wconf 89' lang='lat' dir='ltr'><strong>huo</strong></span> 
     </span>
     <span class='ocr_line' id='line_1_21' title="bbox 224 2371 1336 2455; baseline -0.007 -15"><span class='ocrx_word' id='word_1_169' title='bbox 224 2376 339 2440; x_wconf 57' lang='lat' dir='ltr'><strong>venire*</strong></span> <span class='ocrx_word' id='word_1_170' title='bbox 354 2373 468 2455; x_wconf 72' lang='lat' dir='ltr'><strong>jubebo</strong></span> <span class='ocrx_word' id='word_1_171' title='bbox 489 2383 602 2434; x_wconf 86' lang='lat' dir='ltr'><strong>tamen.</strong></span> <span class='ocrx_word' id='word_1_172' title='bbox 645 2377 745 2434; x_wconf 76' lang='lat' dir='ltr'><strong>Puer.</strong></span> <span class='ocrx_word' id='word_1_173' title='bbox 765 2374 865 2436; x_wconf 88' lang='lat' dir='ltr'><strong>Nemo</strong></span> <span class='ocrx_word' id='word_1_174' title='bbox 882 2371 993 2450; x_wconf 83' lang='lat' dir='ltr'><strong>b&#39;onus,</strong></span> <span class='ocrx_word' id='word_1_175' title='bbox 1037 2395 1129 2436; x_wconf 84' lang='lat' dir='ltr'><strong>nemo</strong></span> <span class='ocrx_word' id='word_1_176' title='bbox 1150 2373 1336 2436; x_wconf 74' lang='lat' dir='ltr'><strong>Christianae</strong></span> 
     </span>
     <span class='ocr_line' id='line_1_22' title="bbox 224 2471 1337 2564; baseline 0 -31"><span class='ocrx_word' id='word_1_177' title='bbox 224 2479 335 2557; x_wconf 75' lang='lat' dir='ltr'><strong>Legat.</strong></span> <span class='ocrx_word' id='word_1_178' title='bbox 358 2472 392 2532; x_wconf 85' lang='lat' dir='ltr'><strong>Si</strong></span> <span class='ocrx_word' id='word_1_179' title='bbox 415 2481 518 2534; x_wconf 88' lang='lat' dir='ltr'><strong>tamen</strong></span> <span class='ocrx_word' id='word_1_180' title='bbox 539 2471 645 2554; x_wconf 85' lang='lat' dir='ltr'><strong>aliqui.</strong></span> <span class='ocrx_word' id='word_1_181' title='bbox 686 2474 769 2532; x_wconf 87' lang='lat' dir='ltr'><strong>Data</strong></span> <span class='ocrx_word' id='word_1_182' title='bbox 792 2485 838 2534; x_wconf 88' lang='lat' dir='ltr'><strong>est</strong></span> <span class='ocrx_word' id='word_1_183' title='bbox 858 2475 939 2543; x_wconf 83' lang='lat' dir='ltr'><strong>mibi</strong></span> <span class='ocrx_word' id='word_1_184' title='bbox 960 2475 1053 2536; x_wconf 86' lang='lat' dir='ltr'><strong>etiam</strong></span> <span class='ocrx_word' id='word_1_185' title='bbox 1069 2479 1216 2564; x_wconf 67' lang='lat' dir='ltr'><strong>potestas,</strong></span> <span class='ocrx_word' id='word_1_186' title='bbox 1234 2474 1337 2554; x_wconf 82' lang='lat' dir='ltr'><strong>creandi</strong></span> 
     </span>
     <span class='ocr_line' id='line_1_23' title="bbox 223 2565 1337 2660; baseline -0.005 -22"><span class='ocrx_word' id='word_1_187' title='bbox 223 2571 453 2660; x_wconf 86' lang='lat' dir='ltr'><strong>protonotarios</strong></span> <span class='ocrx_word' id='word_1_188' title='bbox 475 2574 658 2654; x_wconf 82' lang='lat' dir='ltr'><strong>apostolicos</strong></span> <span class='ocrx_word' id='word_1_189' title='bbox 688 2583 719 2631; x_wconf 86' lang='lat' dir='ltr'><strong>at</strong></span> <span class='ocrx_word' id='word_1_190' title='bbox 747 2565 916 2655; x_wconf 77' lang='lat' dir='ltr'><strong>Aeolytbbs</strong></span> <span class='ocrx_word' id='word_1_191' title='bbox 938 2576 1048 2656; x_wconf 83' lang='lat' dir='ltr'><strong>Papae.</strong></span> <span class='ocrx_word' id='word_1_192' title='bbox 1088 2579 1214 2637; x_wconf 76' lang='lat' dir='ltr'><strong>Hanno.</strong></span> <span class='ocrx_word' id='word_1_193' title='bbox 1242 2575 1337 2653; x_wconf 80' lang='lat' dir='ltr'><strong>Quales</strong></span> 
     </span>
     <span class='ocr_line' id='line_1_24' title="bbox 223 2657 1397 2755; baseline -0.006 -15"><span class='ocrx_word' id='word_1_194' title='bbox 223 2676 260 2740; x_wconf 89' lang='lat' dir='ltr'><strong>bi</strong></span> <span class='ocrx_word' id='word_1_195' title='bbox 280 2672 373 2734; x_wconf 73' lang='lat' dir='ltr'><strong>sunt?</strong></span> <span class='ocrx_word' id='word_1_196' title='bbox 417 2675 614 2735; x_wconf 78' lang='lat' dir='ltr'><strong>Puer.·&#39;8ine</strong></span> <span class='ocrx_word' id='word_1_197' title='bbox 634 2673 729 2735; x_wconf 87' lang='lat' dir='ltr'><strong>dubio</strong></span> <span class='ocrx_word' id='word_1_198' title='bbox 750 2673 825 2736; x_wconf 85' lang='lat' dir='ltr'><strong>mali</strong></span> <span class='ocrx_word' id='word_1_199' title='bbox 846 2673 933 2736; x_wconf 81' lang='lat' dir='ltr'><strong>corvi</strong></span> <span class='ocrx_word' id='word_1_200' title='bbox 959 2676 1041 2736; x_wconf 84' lang='lat' dir='ltr'><strong>mala</strong></span> <span class='ocrx_word' id='word_1_201' title='bbox 1061 2695 1129 2736; x_wconf 81' lang='lat' dir='ltr'><strong>ova.</strong></span> <span class='ocrx_word' id='word_1_202' title='bbox 1174 2678 1281 2755; x_wconf 77' lang='lat' dir='ltr'><strong>Legat.</strong></span> <span class='ocrx_word' id='word_1_203' title='bbox 1303 2673 1337 2734; x_wconf 90' lang='lat' dir='ltr'><strong>Hi</strong></span> <span class='ocrx_word' id='word_1_204' title='bbox 1396 2657 1397 2680; x_wconf 53' lang='lat'>¹</span> 
     </span>
     <span class='ocr_line' id='line_1_25' title="bbox 224 2773 1334 2857; baseline -0.006 -18"><span class='ocrx_word' id='word_1_205' title='bbox 224 2783 314 2849; x_wconf 85' lang='lat' dir='ltr'><strong>aunt,</strong></span> <span class='ocrx_word' id='word_1_206' title='bbox 337 2774 402 2852; x_wconf 89' lang='lat' dir='ltr'><strong>qui,</strong></span> <span class='ocrx_word' id='word_1_207' title='bbox 423 2773 523 2852; x_wconf 78' lang='lat' dir='ltr'><strong>nigris</strong></span> <span class='ocrx_word' id='word_1_208' title='bbox 542 2773 653 2855; x_wconf 83' lang='lat' dir='ltr'><strong>galeris</strong></span> <span class='ocrx_word' id='word_1_209' title='bbox 674 2774 829 2855; x_wconf 85' lang='lat' dir='ltr'><strong>insignes,</strong></span> <span class='ocrx_word' id='word_1_210' title='bbox 850 2773 946 2834; x_wconf 86' lang='lat' dir='ltr'><strong>nullia</strong></span> <span class='ocrx_word' id='word_1_211' title='bbox 967 2774 1118 2856; x_wconf 83' lang='lat' dir='ltr'><strong>episeopis</strong></span> <span class='ocrx_word' id='word_1_212' title='bbox 1138 2788 1334 2857; x_wconf 84' lang='lat' dir='ltr'><strong>praeterquam</strong></span> 
     </span>
     <span class='ocr_line' id='line_1_26' title="bbox 182 2871 1333 2960; baseline -0.005 -24"><span class='ocrx_word' id='word_1_213' title='bbox 182 2906 185 2917; x_wconf 94' lang='lat'><em>·</em></span> <span class='ocrx_word' id='word_1_214' title='bbox 224 2894 346 2936; x_wconf 88' lang='lat' dir='ltr'><strong>summo</strong></span> <span class='ocrx_word' id='word_1_215' title='bbox 368 2871 512 2933; x_wconf 73' lang='lat' dir='ltr'><strong>Pontifici</strong></span> <span class='ocrx_word' id='word_1_216' title='bbox 531 2886 605 2934; x_wconf 76' lang='lat' dir='ltr'><strong>runt</strong></span> <span class='ocrx_word' id='word_1_217' title='bbox 621 2875 774 2954; x_wconf 80' lang='lat' dir='ltr'><strong>subjecti,</strong></span> <span class='ocrx_word' id='word_1_218' title='bbox 805 2875 922 2956; x_wconf 83' lang='lat' dir='ltr'><strong>quique</strong></span> <span class='ocrx_word' id='word_1_219' title='bbox 942 2875 1031 2936; x_wconf 84' lang='lat' dir='ltr'><strong>nullo</strong></span> <span class='ocrx_word' id='word_1_220' title='bbox 1052 2873 1170 2954; x_wconf 85' lang='lat' dir='ltr'><strong>judicio</strong></span> <span class='ocrx_word' id='word_1_221' title='bbox 1194 2872 1333 2960; x_wconf 65' lang='lat' dir='ltr'><strong>molestari,</strong></span> 
     </span>
     <span class='ocr_line' id='line_1_27' title="bbox 225 2970 1334 3056; baseline -0.005 -22"><span class='ocrx_word' id='word_1_222' title='bbox 225 2994 317 3056; x_wconf 87' lang='lat' dir='ltr'><strong>quam</strong></span> <span class='ocrx_word' id='word_1_223' title='bbox 334 2970 517 3052; x_wconf 81' lang='lat' dir='ltr'><strong>apostolico,</strong></span> <span class='ocrx_word' id='word_1_224' title='bbox 539 2975 622 3054; x_wconf 87' lang='lat' dir='ltr'><strong>quod</strong></span> <span class='ocrx_word' id='word_1_225' title='bbox 643 2977 762 3035; x_wconf 82' lang='lat' dir='ltr'><strong>Rornae</strong></span> <span class='ocrx_word' id='word_1_226' title='bbox 783 2983 838 3048; x_wconf 85' lang='lat' dir='ltr'><strong>est,</strong></span> <span class='ocrx_word' id='word_1_227' title='bbox 860 2984 997 3056; x_wconf 83' lang='lat' dir='ltr'><strong>possunt.</strong></span> <span class='ocrx_word' id='word_1_228' title='bbox 1039 2979 1136 3036; x_wconf 76' lang='lat' dir='ltr'><strong>Puer.</strong></span> <span class='ocrx_word' id='word_1_229' title='bbox 1155 2975 1267 3036; x_wconf 82' lang='lat' dir='ltr'><strong>Nonne</strong></span> <span class='ocrx_word' id='word_1_230' title='bbox 1284 2991 1334 3032; x_wconf 89' lang='lat' dir='ltr'><strong>reu</strong></span> 
     </span>
     <span class='ocr_line' id='line_1_28' title="bbox 224 3071 1332 3156; baseline -0.005 -22"><span class='ocrx_word' id='word_1_231' title='bbox 224 3093 283 3134; x_wconf 88' lang='lat' dir='ltr'><strong>acu</strong></span> <span class='ocrx_word' id='word_1_232' title='bbox 303 3071 415 3150; x_wconf 75' lang='lat' dir='ltr'><strong>tetigi?</strong></span> <span class='ocrx_word' id='word_1_233' title='bbox 435 3071 471 3132; x_wconf 90' lang='lat' dir='ltr'><strong>hi</strong></span> <span class='ocrx_word' id='word_1_234' title='bbox 490 3081 582 3148; x_wconf 78' lang='lat' dir='ltr'><strong>tunt,</strong></span> <span class='ocrx_word' id='word_1_235' title='bbox 605 3075 659 3153; x_wconf 90' lang='lat' dir='ltr'><strong>qui</strong></span> <span class='ocrx_word' id='word_1_236' title='bbox 679 3076 808 3155; x_wconf 74' lang='lat' dir='ltr'><strong>impune</strong></span> <span class='ocrx_word' id='word_1_237' title='bbox 829 3075 910 3134; x_wconf 85' lang='lat' dir='ltr'><strong>mala</strong></span> <span class='ocrx_word' id='word_1_238' title='bbox 929 3074 1068 3154; x_wconf 87' lang='lat' dir='ltr'><strong>plurima</strong></span> <span class='ocrx_word' id='word_1_239' title='bbox 1087 3076 1194 3136; x_wconf 82' lang='lat' dir='ltr'><strong>facere</strong></span> <span class='ocrx_word' id='word_1_240' title='bbox 1213 3081 1332 3156; x_wconf 82' lang='lat' dir='ltr'><strong>possunt:</strong></span> 
     </span>
     <span class='ocr_line' id='line_1_29' title="bbox 225 3165 1396 3255; baseline -0.003 -23"><span class='ocrx_word' id='word_1_241' title='bbox 225 3173 289 3255; x_wconf 91' lang='lat' dir='ltr'><strong>qui,</strong></span> <span class='ocrx_word' id='word_1_242' title='bbox 309 3192 381 3232; x_wconf 90' lang='lat' dir='ltr'><strong>oum</strong></span> <span class='ocrx_word' id='word_1_243' title='bbox 403 3165 565 3233; x_wconf 82' lang='lat' dir='ltr'><strong>oalumniia</strong></span> <span class='ocrx_word' id='word_1_244' title='bbox 587 3194 694 3235; x_wconf 77' lang='lat' dir='ltr'><strong>omnes</strong></span> <span class='ocrx_word' id='word_1_245' title='bbox 716 3183 840 3246; x_wconf 78' lang='lat' dir='ltr'><strong>vexant,</strong></span> <span class='ocrx_word' id='word_1_246' title='bbox 861 3173 975 3254; x_wconf 80' lang='lat' dir='ltr'><strong>ipai‘in</strong></span> <span class='ocrx_word' id='word_1_247' title='bbox 996 3185 1064 3234; x_wconf 86' lang='lat' dir='ltr'><strong>tuto</strong></span> <span class='ocrx_word' id='word_1_248' title='bbox 1084 3175 1229 3235; x_wconf 82' lang='lat' dir='ltr'><strong>collocati</strong></span> <span class='ocrx_word' id='word_1_249' title='bbox 1250 3183 1276 3234; x_wconf 82' lang='lat' dir='ltr'><strong>et</strong></span> <span class='ocrx_word' id='word_1_250' title='bbox 1291 3169 1333 3230; x_wconf 84' lang='lat' dir='ltr'><strong>tub</strong></span> <span class='ocrx_word' id='word_1_251' title='bbox 1395 3209 1396 3246; x_wconf 68' lang='lat'><strong>,</strong></span> 
     </span>
     <span class='ocr_line' id='line_1_30' title="bbox 223 3247 1396 3356; baseline -0.004 -24"><span class='ocrx_word' id='word_1_252' title='bbox 223 3271 392 3356; x_wconf 85' lang='lat' dir='ltr'><strong>pontificiis</strong></span> <span class='ocrx_word' id='word_1_253' title='bbox 424 3273 481 3334; x_wconf 79' lang='lat' dir='ltr'><strong>&#39;alis</strong></span> <span class='ocrx_word' id='word_1_254' title='bbox 517 3274 646 3334; x_wconf 63' lang='lat' dir='ltr'><strong>&#39;bonam</strong></span> <span class='ocrx_word' id='word_1_255' title='bbox 660 3295 786 3356; x_wconf 87' lang='lat' dir='ltr'><strong>prorsus</strong></span> <span class='ocrx_word' id='word_1_256' title='bbox 812 3291 878 3334; x_wconf 87' lang='lat' dir='ltr'><strong>non</strong></span> <span class='ocrx_word' id='word_1_257' title='bbox 899 3285 1039 3354; x_wconf 80' lang='lat' dir='ltr'><strong>possunt:</strong></span> <span class='ocrx_word' id='word_1_258' title='bbox 1073 3275 1203 3356; x_wconf 82' lang='lat' dir='ltr'><strong>quique</strong></span> <span class='ocrx_word' id='word_1_259' title='bbox 1222 3293 1273 3356; x_wconf 84' lang='lat' dir='ltr'><strong>per</strong></span> <span class='ocrx_word' id='word_1_260' title='bbox 1288 3271 1334 3328; x_wconf 89' lang='lat' dir='ltr'><strong>iu·</strong></span> <span class='ocrx_word' id='word_1_261' title='bbox 1395 3247 1396 3272; x_wconf 46' lang='lat'>¹</span> 
     </span>
     <span class='ocr_line' id='line_1_31' title="bbox 224 3367 1333 3455; baseline -0.001 -24"><span class='ocrx_word' id='word_1_262' title='bbox 224 3383 367 3455; x_wconf 79' lang='lat' dir='ltr'><strong>pasturas</strong></span> <span class='ocrx_word' id='word_1_263' title='bbox 385 3367 422 3432; x_wconf 75' lang='lat' dir='ltr'><strong>ab</strong></span> <span class='ocrx_word' id='word_1_264' title='bbox 439 3370 656 3455; x_wconf 72' lang='lat' dir='ltr'><strong>sycophantias</strong></span> <span class='ocrx_word' id='word_1_265' title='bbox 678 3369 779 3434; x_wconf 87' lang='lat' dir='ltr'><strong>multo</strong></span> <span class='ocrx_word' id='word_1_266' title='bbox 798 3383 957 3436; x_wconf 82' lang='lat' dir='ltr'><strong>contracto</strong></span> <span class='ocrx_word' id='word_1_267' title='bbox 979 3374 1083 3437; x_wconf 72' lang='lat' dir='ltr'><strong>aliano</strong></span> <span class='ocrx_word' id='word_1_268' title='bbox 1111 3392 1187 3435; x_wconf 86' lang='lat' dir='ltr'><strong>aare</strong></span> <span class='ocrx_word' id='word_1_269' title='bbox 1213 3372 1333 3434; x_wconf 79' lang='lat' dir='ltr'><strong>&#39;oredito-</strong></span> 
     </span>
     <span class='ocr_line' id='line_1_32' title="bbox 224 3469 1331 3560; baseline -0.005 -28"><span class='ocrx_word' id='word_1_270' title='bbox 224 3472 311 3532; x_wconf 88' lang='lat' dir='ltr'><strong>ribua</strong></span> <span class='ocrx_word' id='word_1_271' title='bbox 339 3473 459 3560; x_wconf 80' lang='lat' dir='ltr'><strong>egregie</strong></span> <span class='ocrx_word' id='word_1_272' title='bbox 488 3473 672 3555; x_wconf 87' lang='lat' dir='ltr'><strong>imponunt,</strong></span> <span class='ocrx_word' id='word_1_273' title='bbox 715 3474 886 3555; x_wconf 82' lang='lat' dir='ltr'><strong>excogitato</strong></span> <span class='ocrx_word' id='word_1_274' title='bbox 900 3474 952 3534; x_wconf 54' lang='lat' dir='ltr'><strong>fad</strong></span> <span class='ocrx_word' id='word_1_275' title='bbox 973 3474 1006 3533; x_wconf 91' lang='lat' dir='ltr'><strong>id</strong></span> <span class='ocrx_word' id='word_1_276' title='bbox 1027 3472 1199 3534; x_wconf 86' lang='lat' dir='ltr'><strong>etiamnum</strong></span> <span class='ocrx_word' id='word_1_277' title='bbox 1219 3469 1331 3534; x_wconf 86' lang='lat' dir='ltr'><strong>artificio.</strong></span> 
     </span>
     <span class='ocr_line' id='line_1_33' title="bbox 225 3567 1331 3652; baseline 0.002 -20"><span class='ocrx_word' id='word_1_278' title='bbox 225 3573 339 3652; x_wconf 81' lang='lat' dir='ltr'><strong>Legat.</strong></span> <span class='ocrx_word' id='word_1_279' title='bbox 361 3575 512 3632; x_wconf 75' lang='lat' dir='ltr'><strong>Doctores</strong></span> <span class='ocrx_word' id='word_1_280' title='bbox 533 3576 624 3634; x_wconf 87' lang='lat' dir='ltr'><strong>etiam</strong></span> <span class='ocrx_word' id='word_1_281' title='bbox 648 3575 743 3640; x_wconf 82' lang='lat' dir='ltr'><strong>facio.</strong></span> <span class='ocrx_word' id='word_1_282' title='bbox 784 3577 882 3634; x_wconf 69' lang='lat' dir='ltr'><strong>Puer.</strong></span> <span class='ocrx_word' id='word_1_283' title='bbox 909 3575 978 3634; x_wconf 84' lang='lat' dir='ltr'><strong>Imo</strong></span> <span class='ocrx_word' id='word_1_284' title='bbox 1005 3574 1137 3636; x_wconf 81' lang='lat' dir='ltr'><strong>dolores.</strong></span> <span class='ocrx_word' id='word_1_285' title='bbox 1178 3577 1287 3635; x_wconf 83' lang='lat' dir='ltr'><strong>Hanno·</strong></span> <span class='ocrx_word' id='word_1_286' title='bbox 1303 3567 1331 3628; x_wconf 75' lang='lat' dir='ltr'><strong>ld</strong></span> 
     </span>
     <span class='ocr_line' id='line_1_34' title="bbox 224 3665 1330 3753; baseline -0.002 -25"><span class='ocrx_word' id='word_1_287' title='bbox 224 3679 330 3730; x_wconf 85' lang='lat' dir='ltr'><strong>noster</strong></span> <span class='ocrx_word' id='word_1_288' title='bbox 356 3681 460 3752; x_wconf 85' lang='lat' dir='ltr'><strong>pastor</strong></span> <span class='ocrx_word' id='word_1_289' title='bbox 489 3675 595 3750; x_wconf 81' lang='lat' dir='ltr'><strong>vellet,</strong></span> <span class='ocrx_word' id='word_1_290' title='bbox 623 3683 708 3736; x_wconf 82' lang='lat' dir='ltr'><strong>carto</strong></span> <span class='ocrx_word' id='word_1_291' title='bbox 734 3674 813 3752; x_wconf 82' lang='lat' dir='ltr'><strong>aoio;</strong></span> <span class='ocrx_word' id='word_1_292' title='bbox 855 3673 980 3734; x_wconf 83' lang='lat' dir='ltr'><strong>do&#39;otum</strong></span> <span class='ocrx_word' id='word_1_293' title='bbox 1013 3665 1200 3736; x_wconf 59' lang='lat' dir='ltr'><strong>enim&#39;aum</strong></span> <span class='ocrx_word' id='word_1_294' title='bbox 1219 3672 1330 3753; x_wconf 82' lang='lat' dir='ltr'><strong>judicant</strong></span> 
     </span>
     <span class='ocr_line' id='line_1_35' title="bbox 225 3764 1328 3862; baseline -0.003 -33"><span class='ocrx_word' id='word_1_295' title='bbox 225 3789 350 3845; x_wconf 76' lang='lat' dir='ltr'><strong>omnes,</strong></span> <span class='ocrx_word' id='word_1_296' title='bbox 372 3774 519 3862; x_wconf 83' lang='lat' dir='ltr'><strong>quoniam</strong></span> <span class='ocrx_word' id='word_1_297' title='bbox 541 3785 622 3838; x_wconf 86' lang='lat' dir='ltr'><strong>totus</strong></span> <span class='ocrx_word' id='word_1_298' title='bbox 643 3775 740 3856; x_wconf 89' lang='lat' dir='ltr'><strong>ipsius</strong></span> <span class='ocrx_word' id='word_1_299' title='bbox 759 3795 860 3835; x_wconf 86' lang='lat' dir='ltr'><strong>sermo</strong></span> <span class='ocrx_word' id='word_1_300' title='bbox 876 3764 996 3834; x_wconf 72' lang='lat' dir='ltr'><strong>&#39;larinus</strong></span> <span class='ocrx_word' id='word_1_301' title='bbox 1024 3785 1088 3848; x_wconf 87' lang='lat' dir='ltr'><strong>est,</strong></span> <span class='ocrx_word' id='word_1_302' title='bbox 1117 3773 1193 3834; x_wconf 79' lang='lat' dir='ltr'><strong>baie</strong></span> <span class='ocrx_word' id='word_1_303' title='bbox 1214 3769 1328 3832; x_wconf 82' lang='lat' dir='ltr'><strong>indicabo</strong></span> 
     </span>
     <span class='ocr_line' id='line_1_36' title="bbox 223 3861 1328 3955; baseline -0.003 -25"><span class='ocrx_word' id='word_1_304' title='bbox 223 3861 434 3952; x_wconf 82' lang='lat' dir='ltr'><strong>hortaborque</strong></span> <span class='ocrx_word' id='word_1_305' title='bbox 452 3875 557 3936; x_wconf 63' lang='lat' dir='ltr'><strong>etiams</strong></span> <span class='ocrx_word' id='word_1_306' title='bbox 619 3878 716 3936; x_wconf 78' lang='lat' dir='ltr'><strong>Puer.</strong></span> <span class='ocrx_word' id='word_1_307' title='bbox 738 3876 778 3936; x_wconf 86' lang='lat' dir='ltr'><strong>Et</strong></span> <span class='ocrx_word' id='word_1_308' title='bbox 798 3863 980 3955; x_wconf 70' lang='lat' dir='ltr'><strong>rapientium</strong></span> <span class='ocrx_word' id='word_1_309' title='bbox 1003 3884 1035 3934; x_wconf 82' lang='lat' dir='ltr'><strong>&#39;et</strong></span> <span class='ocrx_word' id='word_1_310' title='bbox 1054 3873 1226 3934; x_wconf 69' lang='lat' dir='ltr'><strong>testeiam</strong></span> <span class='ocrx_word' id='word_1_311' title='bbox 1245 3863 1328 3930; x_wconf 74' lang='lat' dir='ltr'><strong>additi</strong></span> 
     </span>
     <span class='ocr_line' id='line_1_37' title="bbox 224 3955 1395 4060; baseline -0.002 -28"><span class='ocrx_word' id='word_1_312' title='bbox 224 3971 335 4050; x_wconf 83' lang='lat' dir='ltr'><strong>Legat.</strong></span> <span class='ocrx_word' id='word_1_313' title='bbox 367 3955 471 4060; x_wconf 72' lang='lat' dir='ltr'><strong>Quum</strong></span> <span class='ocrx_word' id='word_1_314' title='bbox 485 3973 564 4036; x_wconf 60' lang='lat' dir='ltr'><strong>&#39;nisi</strong></span> <span class='ocrx_word' id='word_1_315' title='bbox 591 3974 678 4056; x_wconf 83' lang='lat' dir='ltr'><strong>priua</strong></span> <span class='ocrx_word' id='word_1_316' title='bbox 708 3973 899 4048; x_wconf 69' lang='lat' dir='ltr'><strong>habuerint,⁸</strong></span> <span class='ocrx_word' id='word_1_317' title='bbox 919 3973 995 4054; x_wconf 54' lang='lat' dir='ltr'><strong>‘egoi</strong></span> <span class='ocrx_word' id='word_1_318' title='bbox 1018 3973 1160 4054; x_wconf 76' lang='lat' dir='ltr'><strong>profecto</strong></span> <span class='ocrx_word' id='word_1_319' title='bbox 1194 3965 1261 4033; x_wconf 78' lang='lat' dir='ltr'><strong>daie</strong></span> <span class='ocrx_word' id='word_1_320' title='bbox 1278 3983 1327 4026; x_wconf 65' lang='grc' dir='ltr'><strong>που</strong></span> <span class='ocrx_word' id='word_1_321' title='bbox 1394 3989 1395 4004; x_wconf 60' lang='grc'>’</span> 
     </span>
    </p>
   </div>
   <div class='ocr_carea' id='block_1_3' title="bbox 224 4066 1394 4354">
    <p class='ocr_par' dir='ltr' id='par_1_3' title="bbox 224 4066 1394 4380">
     <span class='ocr_line' id='line_1_38' title="bbox 224 4066 1394 4155; baseline -0.003 -27"><span class='ocrx_word' id='word_1_322' title='bbox 224 4089 358 4149; x_wconf 86' lang='lat' dir='ltr'><strong>possum,</strong></span> <span class='ocrx_word' id='word_1_323' title='bbox 379 4072 414 4132; x_wconf 91' lang='lat' dir='ltr'><strong>id</strong></span> <span class='ocrx_word' id='word_1_324' title='bbox 436 4073 599 4152; x_wconf 72' lang='lat' dir='ltr'><strong>quodum</strong></span> <span class='ocrx_word' id='word_1_325' title='bbox 620 4075 849 4155; x_wconf 74' lang='lat' dir='ltr'><strong>ingeneralibua</strong></span> <span class='ocrx_word' id='word_1_326' title='bbox 872 4066 964 4138; x_wconf 68' lang='lat' dir='ltr'><strong>euim</strong></span> <span class='ocrx_word' id='word_1_327' title='bbox 994 4074 1108 4154; x_wconf 85' lang='lat' dir='ltr'><strong>cuique</strong></span> <span class='ocrx_word' id='word_1_328' title='bbox 1128 4073 1234 4133; x_wconf 72' lang='lat' dir='ltr'><strong>studita</strong></span> <span class='ocrx_word' id='word_1_329' title='bbox 1249 4067 1326 4136; x_wconf 75' lang='lat' dir='ltr'><strong>utor,</strong></span> <span class='ocrx_word' id='word_1_330' title='bbox 1392 4101 1394 4112; x_wconf 66' lang='lat'><strong>,</strong></span> 
     </span>
     <span class='ocr_line' id='line_1_39' title="bbox 225 4166 1394 4254; baseline 0.006 -28"><span class='ocrx_word' id='word_1_331' title='bbox 225 4169 278 4227; x_wconf 89' lang='lat' dir='ltr'><strong>ubi</strong></span> <span class='ocrx_word' id='word_1_332' title='bbox 299 4169 441 4232; x_wconf 79' lang='lat' dir='ltr'><strong>videmus</strong></span> <span class='ocrx_word' id='word_1_333' title='bbox 461 4171 573 4254; x_wconf 82' lang='lat' dir='ltr'><strong>passim</strong></span> <span class='ocrx_word' id='word_1_334' title='bbox 596 4174 823 4236; x_wconf 68' lang='lat' dir='ltr'><strong>indoctissimus</strong></span> <span class='ocrx_word' id='word_1_335' title='bbox 844 4173 938 4234; x_wconf 85' lang='lat' dir='ltr'><strong>etiarn</strong></span> <span class='ocrx_word' id='word_1_336' title='bbox 966 4171 1124 4234; x_wconf 81' lang='lat' dir='ltr'><strong>honorari·</strong></span> <span class='ocrx_word' id='word_1_337' title='bbox 1143 4174 1240 4234; x_wconf 81' lang='lat' dir='ltr'><strong>rubro</strong></span> <span class='ocrx_word' id='word_1_338' title='bbox 1260 4166 1325 4247; x_wconf 65' lang='lat' dir='ltr'><strong>pilffl</strong></span> <span class='ocrx_word' id='word_1_339' title='bbox 1393 4213 1394 4222; x_wconf 26' lang='grc' dir='ltr'><strong>κ</strong></span> 
     </span>
     <span class='ocr_line' id='line_1_40' title="bbox 224 4265 1325 4354; baseline 0.001 -32"><span class='ocrx_word' id='word_1_340' title='bbox 224 4267 390 4329; x_wconf 86' lang='lat' dir='ltr'><strong>moriones.</strong></span> <span class='ocrx_word' id='word_1_341' title='bbox 453 4272 572 4350; x_wconf 82' lang='lat' dir='ltr'><strong>Quodsi</strong></span> <span class='ocrx_word' id='word_1_342' title='bbox 593 4273 673 4332; x_wconf 88' lang='lat' dir='ltr'><strong>mihi</strong></span> <span class='ocrx_word' id='word_1_343' title='bbox 700 4283 833 4354; x_wconf 83' lang='lat' dir='ltr'><strong>potestas</strong></span> <span class='ocrx_word' id='word_1_344' title='bbox 859 4285 953 4346; x_wconf 77' lang='lat' dir='ltr'><strong>esset,</strong></span> <span class='ocrx_word' id='word_1_345' title='bbox 985 4272 1088 4333; x_wconf 76' lang='lat' dir='ltr'><strong>dandi</strong></span> <span class='ocrx_word' id='word_1_346' title='bbox 1114 4271 1252 4353; x_wconf 58' lang='grc' dir='ltr'><strong>ῳίτὶειιω</strong></span> <span class='ocrx_word' id='word_1_347' title='bbox 1277 4265 1325 4324; x_wconf 88' lang='lat' dir='ltr'><strong>lia·</strong></span> 
     </span>
    </p>
   </div>
   <div class='ocr_carea' id='block_1_4' title="bbox 221 4367 1322 4454">
    <p class='ocr_par' dir='ltr' id='par_1_4' title="bbox 221 4367 1322 4454">
     <span class='ocr_line' id='line_1_41' title="bbox 221 4367 1322 4454; baseline 0.011 -37"><span class='ocrx_word' id='word_1_348' title='bbox 221 4376 368 4437; x_wconf 81' lang='lat' dir='ltr'><strong>guarum,</strong></span> <span class='ocrx_word' id='word_1_349' title='bbox 398 4367 540 4446; x_wconf 87' lang='lat' dir='ltr'><strong>spiritum</strong></span> <span class='ocrx_word' id='word_1_350' title='bbox 562 4371 708 4432; x_wconf 68' lang='lat' dir='ltr'><strong>scientiae</strong></span> <span class='ocrx_word' id='word_1_351' title='bbox 744 4383 776 4434; x_wconf 82' lang='lat' dir='ltr'><strong>et</strong></span> <span class='ocrx_word' id='word_1_352' title='bbox 805 4371 988 4454; x_wconf 83' lang='lat' dir='ltr'><strong>sapientiae,</strong></span> <span class='ocrx_word' id='word_1_353' title='bbox 1019 4374 1153 4433; x_wconf 84' lang='lat' dir='ltr'><strong>facerem</strong></span> <span class='ocrx_word' id='word_1_354' title='bbox 1174 4368 1248 4430; x_wconf 87' lang='lat' dir='ltr'><strong>mibi</strong></span> <span class='ocrx_word' id='word_1_355' title='bbox 1267 4383 1322 4444; x_wconf 86' lang='lat' dir='ltr'><strong>pr0·</strong></span> 
     </span>
    </p>
   </div>
   <div class='ocr_carea' id='block_1_5' title="bbox 0 0 1428 4716">
    <p class='ocr_par' dir='ltr' id='par_1_5' title="bbox 0 0 1428 4716">
     <span class='ocr_line' id='line_1_42' title="bbox 0 0 1428 4716; baseline 0 1"><span class='ocrx_word' id='word_1_356' title='bbox 0 0 1428 4716; x_wconf 95' lang='lat' dir='ltr'><strong> </strong></span> 
     </span>
    </p>
   </div>
   <div class='ocr_carea' id='block_1_6' title="bbox 1389 4681 1393 4691">
    <p class='ocr_par' dir='ltr' id='par_1_6' title="bbox 1389 4681 1393 4691">
     <span class='ocr_line' id='line_1_43' title="bbox 1389 4681 1393 4691; baseline 0 0"><span class='ocrx_word' id='word_1_357' title='bbox 1389 4681 1393 4691; x_wconf 74' lang='lat' dir='ltr'><strong>a</strong></span> 
     </span>
    </p>
   </div>
  </div>
 </body>
</html>
