2840 4718
341 363 414 430 uu.
454 363 686 430 amoenus
713 363 948 431 mucuns.
1022 457 1025 462 Δ
1149 365 1215 433 soe

78 521 175 589 hunsl
195 519 313 584 Christi
330 531 511 584 accusatura
530 522 586 584 es'l
622 527 700 590 Ver.
721 521 963 586 contemnatura
982 522 1075 585 etiam
1096 523 1137 584 ad
1161 529 1216 586 oi-

77 643 168 698 oum,
206 633 237 684 et
257 621 399 682 Plutonis
421 621 641 684 carnificinam.
703 626 799 684 Hatt.
817 623 1038 697 Existimasne,
1087 623 1215 686 credaut
1278 681 1280 687 ,

77 722 171 782 deum
191 740 275 795 esse,
293 721 346 782 vel
367 722 562 783 tartarum'l
603 725 675 786 Ver.
707 723 758 782 stc
780 722 1004 783 constituerunt
1023 720 1058 782 iu
1079 724 1213 782 concilio

75 821 302 894 Laterauensi‚
331 821 465 880 animam
486 841 551 880 esse
571 819 787 882 immortalem.
836 825 942 882 Hutt.
958 821 1057 900 Quasi
1075 821 1135 881 hoc
1155 843 1214 896 ane
1238 830 1241 835 '

76 921 360 993 teauescissemus3
401 940 507 993 coece,
546 942 612 981 nun
632 921 779 1000 intelligis
806 921 972 981 fraudem?
1013 925 1086 982 'Vsu
1109 924 1212 1000 Quam

76 1019 248 1089 fraudem?
307 1021 402 1080 Hutt.
436 1019 479 1080 Ut
498 1018 525 1078 si
545 1020 672 1080 credere
692 1021 874 1095 videantur,
910 1021 948 1080 ad
969 1021 1096 1082 illorum
1118 1021 1213 1102 magis

75 1119 307 1184 dissimulemus
341 1117 513 1198 flagitium,
553 1119 688 1200 judicem
716 1131 799 1180 certe
826 1121 923 1180 alium
953 1119 1091 1180 habituri
1120 1141 1213 1200 quam

74 1239 150 1279 nos:
173 1228 206 1279 et
226 1239 267 1280 ne
288 1240 306 1277 a
324 1218 414 1278 nobis
433 1218 551 1298 possint
571 1221 689 1281 censeri
709 1222 836 1296 interea,
859 1239 927 1280 eam
946 1220 1004 1280 sibi
1015 1221 1115 1300 legem
1137 1241 1214 1281 con-.-

74 1317 263 1392 stituerunt,
284 1317 400 1398 alioqui
419 1329 523 1380 tamen
544 1318 757 1380 indubitatam.
800 1325 871 1382 Ver.
892 1319 976 1380 Male
988 1319 1153 1399 suspicaris
1174 1319 1213 1380 de

75 1417 259 1478 bominibus
281 1417 355 1477 istis.
408 1421 503 1478 Hutt.
530 1417 666 1480 Pessime
687 1430 794 1500 utpote
815 1419 853 1480 de
874 1419 1040 1481 Turcis'et
1061 1417 1214 1480 Ethuicis·

76 1517 139 1578 Sed
167 1537 242 1597 age,
274 1505 349 1577 doce
371 1537 422 1578 me
444 1517 525 1579 banc
552 1529 665 1595 artem,
708 1528 745 1580 ut
765 1519 824 1580 sim
848 1501 975 1600 posthac
994 1519 1214 1581 insauciabilis.

76 1622 148 1680 Ver.
169 1617 208 1676 Id
230 1637 363 1696 aequum
385 1617 465 1678 mihi
484 1639 548 1678 non
569 1630 614 1680 est
632 1629 787 1702 praestare
807 1619 865 1680 tibi
876 1664 885 1695 ,
908 1617 1047 1680 mortalis
1072 1617 1213 1678 caussis·

73 1720 173 1777 Hutt.
193 1717 291 1796 Quasi
311 1717 344 1777 id
365 1737 430 1778 nou
446 1719 553 1780 multis
572 1721 676 1780 datum
704 1720 745 1779 sit
764 1719 923 1795 Ethnicis,
952 1719 1212 1801 quemadmodum

74 1826 206 1878 narrant
231 1826 392 1898 poetarum
413 1819 548 1882 fabulae.
590 1821 754 1882 Praeterea
774 1839 814 1878 ex
833 1829 938 1880 nostra
958 1819 1110 1900 religione
1131 1819 1212 1884 divis

74 1915 300 1995 compluribus.
349 1921 421 1979 Ver.
441 1919 479 1978 In
500 1918 645 1981 divorum
667 1931 788 1980 coetum
810 1917 836 1978 si
857 1916 1009 1978 conscribi
1029 1917 1126 1990 velis,
1155 1917 1213 1978 do-

74 2016 151 2074 cebo
174 2024 206 2073 te
226 2016 369 2095 quidem:
390 2017 429 2078 de
449 2017 538 2099 ungis
559 2029 641 2081 vero
653 2018 718 2078 ‘illis
740 2028 901 2098 poetarum
921 2019 1130 2098 nescioquam
1149 2015 1213 2080 bu·

71 2113 212 2194 jusmodi
232 2125 264 2176 te
284 2137 349 2176 nou
370 2115 508 2179 doceant.
548 2121 642 2178 Hntt.
663 2119 799 2198 Quoquo
820 2117 912 2176 modo
934 2107 1086 2190 volueris,
1118 2114 1211 2174 modu

74 2212 203 2273 feceris.
267 2217 338 2279 Ver.
358 2217 509 2276 Facturus
529 2238 561 2276 es
579 2228 681 2276 autem
699 2237 779 2297 quac
799 2214 1009 2298 praecipiam?
1056 2219 1155 2276 Hectit.
1176 2213 1212 2272 Si
1321 2231 1324 2236 ·

73 2311 247 2372 videbitur.
309 2317 383 2378 Ver.
408 2317 495 2376 Pone
517 2316 673 2375 thoracem
694 2327 724 2378 et
745 2317 871 2397 galeam.
926 2318 1021 2375 Hntt.
1045 2314 1131 2392 Quid
1150 2312 1211 2374 hoe

73 2410 123 2471 rei
146 2410 216 2470 estl
280 2415 350 2476 Ver.
380 2414 421 2475 Et
439 2415 597 2476 baltheum
616 2417 740 2476 soluite.
799 2417 851 2476 'l'u
870 2423 950 2496 puer
969 2434 1074 2480 ensem
1096 2413 1210 2493 accipe.

72 2514 175 2572 Hutt.
195 2511 380 2574 Exarmatus
399 2535 476 2574 sum.
519 2516 590 2576 Ver.
602 2515 734 2575 Meliora
751 2509 933 2595 praestabo!
966 2515 1066 2574 Indue
1088 2523 1118 2572 tc
1139 2511 1212 2586 tho7

71 2630 149 2672 raca
170 2610 242 2670 hoc.
268 2615 374 2683 [Hasta.
397 2611 496 2687 Proh,
516 2633 607 2692 quam
628 2635 717 2695 asper
738 2624 769 2696 et
786 2614 938 2674 aheneus!
990 2619 1060 2678 Ver.
1088 2611 1211 2674 Iustitia

73 2717 130 2768 est.
174 2711 237 2771 Sed
256 2710 345 2774 flecte
366 2712 528 2775 cervicem.
577 2715 671 2774 Hutt.
691 2715 857 2775 Induerem
877 2731 932 2790 ego
952 2733 1062 2778 revers
1081 2714 1141 2773 tria
1159 2732 1211 2770 ca·
1240 2728 1243 2732 ·

72 2800 143 2888 pita
161 2809 266 2889 galero
286 2811 369 2873 huie.
414 2815 484 2874 Ver.
508 2812 597 2872 Salus
617 2813 733 2874 Christi
753 2824 805 2873 est.
853 2815 948 2872 Hutt.
969 2812 1114 2872 Baltheus
1133 2824 1209 2874 vero

73 2909 245 2984 candidus,
266 2911 342 2990 quid
361 2912 431 2972 estl
481 2915 552 2975 Ver.
572 2914 694 2973 Veritas
713 2911 927 2973 sincerissima.
975 2911 1068 2971 Nunc
1089 2921 1210 2973 scutum

75 3007 186 3070 obdito
206 3009 287 3068 fidei.
349 3013 443 3071 Hstt.
483 3009 568 3070 Num
588 3021 619 3071 et
638 3012 774 3091 gladium
797 3010 906 3071 dabis'l
970 3013 1041 3074 Ver.
1060 3008 1211 3072 Acutis'si-

73 3127 183 3180 mum,
203 3108 334 3170 verbum
353 3109 499 3171 videlicet
520 3109 580 3170 dei.
632 3113 728 3170 Hutt.
751 3112 853 3188 Quam
875 3109 955 3170 bene
975 3121 1111 3171 armatus
1130 3129 1208 3169 snm.
1314 3139 1323 3142 -

76 3207 314 3271 Ver.1uccdito
332 3231 425 3271 nuuc.
465 3213 564 3271 Hace.
577 3210 677 3277 ohe.
698 3230 789 3289 quam
808 3229 858 3268 me
878 3210 993 3290 premit
1011 3211 1126 3270 thorax
1146 3209 1209 3276 cir-
1243 3286 1249 3294 Ι

74 3327 113 3368 ca
135 3306 305 3386 crepundia
325 3317 355 3368 et
374 3287 479 3370 costas.
526 3315 597 3373 Ver.
616 3309 796 3390 Digludiare
814 3310 980 3371 modicum.
999 3313 1095 3370 Hutt.
1113 3307 1208 3367 Diffi-

74 3407 139 3466 cile
157 3415 289 3468 tractmu
309 3418 356 3486 ost
376 3408 428 3470 hic
447 3409 590 3492 gladius.¹
639 3411 709 3473 Ver.
728 3409 837 3487 Longe
867 3408 958 3467 aliter
988 3428 1024 3466 eo
1046 3406 1207 3492 utendum,

74 3525 172 3585 quam
193 3507 395 3584 eloquentiae.
444 3509 506 3570 Sed
524 3509 720 3591 promptulus
742 3527 798 3580 es,
813 3517 848 3566 ut
865 3507 974 3580 video,
995 3515 1027 3566 et
1048 3505 1209 3564 ambidex-

73 3614 135 3667 ter.
178 3609 274 3670 Hntt.
294 3609 362 3670 Jam
380 3608 476 3688 igitur
495 3610 566 3670 satis
585 3607 798 3692 praemunitus
816 3627 908 3680 sum,
939 3625 980 3666 ne
1001 3604 1080 3666 mihi
1099 3611 1210 3664 noceat

75 3705 171 3786 quis?
214 3709 285 3774 Ver.
307 3706 467 3783 Necdum,
498 3729 571 3770 nam
593 3718 624 3769 et
643 3704 834 3768 observanda
854 3713 946 3766 erunt
965 3705 1076 3784 aliqua.
1116 3703 1208 3762 Uxo-

75 3825 146 3864 rem
168 3823 236 3867 nou
255 3807 395 3886 curabis,
443 3828 508 3870 non
528 3807 658 3881 liberos,
689 3826 754 3866 uon
772 3825 899 3879 aurum,
933 3804 987 3865 sed
1007 3800 1111 3862 omnia
1130 3801 1209 3863 hacc
1260 3871 1262 3875 Α
1344 3861 1346 3866 s

77 3917 228 3984 tauquam
253 3925 349 3988 nugas
377 3907 575 3970 existimabis.
635 3905 770 3968 Patriam
799 3923 875 3965 vero
895 3904 1030 3993 amabis,
1059 3921 1152 3982 quam
1171 3909 1208 3962 ut

74 4006 215 4066 libertati
240 4005 353 4082 dones,
394 4007 552 4088 relinques
578 4015 738 4089 paternam
765 4003 902 4067 domum.
963 4003 1126 4085 Speculum
1148 3999 1209 4062 ali-

74 4099 172 4184 quam
193 4103 361 4182 habitabis,
385 4117 439 4170 aut
459 4109 612 4172 desertam
634 4108 756 4169 turrim.
797 4107 911 4176 Libros
937 4101 996 4173 tibi
1016 4099 1208 4183 comparabis

76 4205 296 4287 quamplures,
327 4208 435 4271 ethos
456 4209 597 4292 optimos.
657 4206 742 4270 Tum
763 4203 880 4273 Christi
902 4202 1097 4286 evangelium
1116 4219 1208 4284 prae-

75 4305 181 4386 cipue.
243 4305 397 4390 braquis
416 4311 499 4372 ultra
519 4307 802 4393 teproscripserit',
838 4304 891 4371 vel
910 4291 1120 4372 dimnavarit,
1149 4300 1208 4361 rui-
