2872 4722
228 302 270 386 '84
594 319 895 426 nrrsron
917 319 994 422 sn

230 478 404 554 mentis,·-·
424 475 464 538 de
481 475 610 557 singulis
625 474 767 538 dubitare
781 495 846 538 non
870 488 916 538 est
932 473 1054 541 inutile.
1094 478 1294 560 Quapropter
1312 492 1358 540 est

229 597 293 640 ann
313 597 379 650 ras,
394 593 473 657 qnae
494 574 570 636 iecit
590 574 670 636 mihi
686 595 826 656 magnam
848 575 1075 638 conscientiam.
1098 593 1106 620 '-
1122 575 1233 658 Nuper
1251 579 1301 640 fni
1322 579 1357 638 in

230 678 322 740 missa
339 673 626 750 Francoi'ordiensi,
646 682 721 736 tnnc
740 675 877 737 ivicnm
896 695 960 736 uno
981 675 1185 736 Baccnianrio
1209 695 1268 757 per
1288 679 1358 759 pla-¹

229 786 311 840 tecm
330 774 371 835 ad
393 773 498 834 forum
509 815 518 847 ,
540 783 574 836 et
594 771 800 844 obviaverunt
819 775 908 838 nobis
926 775 989 837 dno
1010 774 1091 852 riri,
1124 775 1179 854 qni
1204 795 1357 856 apperue—

229 885 304 940 runt
316 870 389 934 satis
409 870 548 945 honesti,
568 881 718 952 qnantum
738 873 779 933 nd
798 884 973 956 aspectum,
1009 883 1040 935 et
1059 871 1235 936 habuerunt
1252 874 1357 956 nigras

228 973 363 1046 tunicas,
386 981 418 1032 et
437 990 547 1052 magna
566 971 688 1051 caputia
708 991 779 1033 curn
798 973 946 1055 liripipiis
967 973 1039 1035 sair.
1091 975 1132 1034 Et
1150 972 1207 1032 Dii
1221 983 1296 1036 sunt
1309 984 1356 1034 te-

228 1082 288 1134 stes
307 1069 385 1145 mei,
421 1069 505 1150 qnod
523 1069 632 1150 putavi
652 1072 736 1150 qnod
763 1071 826 1133 sint
845 1071 908 1134 dno
927 1071 1070 1154 Magistri
1096 1071 1210 1145 nomi,
1245 1082 1278 1131 et
1296 1071 1356 1132 ieci

137 1239 141 1250 ,
227 1171 303 1253 ipsis
322 1169 546 1244 manentiam,
569 1169 752 1250 deponendo
771 1171 933 1232 birretnm.
994 1173 1085 1232 Tunc
1111 1171 1168 1232 illa
1187 1171 1357 1232 nnoeunu-

227 1271 294 1332 rius
314 1269 486 1331 stimulavit
511 1289 577 1337 me,
610 1278 642 1328 et
672 1269 768 1330 dixitt
809 1291 916 1332 amore
943 1271 1006 1330 Dei
1036 1270 1112 1352 qnid
1139 1270 1264 1330 facitis?
1305 1270 1356 1330 isti

227 1363 301 1432 sunt
329 1367 455 1440 Iudaei,
497 1377 529 1429 et
555 1385 612 1430 vos
641 1367 796 1448 deponitis
824 1369 976 1430 birretum
1004 1380 1141 1432 vestrum
1173 1379 1264 1429 ante·
1283 1368 1356 1428 eos?

103 1527 132 1566 Ι,
228 1455 320 1536 'Nnc
341 1487 397 1549 ego
417 1466 462 1526 ite
489 1465 539 1526 fui
566 1467 768 1547 perterritos,
801 1479 837 1530 nt
856 1469 884 1528 si
903 1469 1050 1530 vidissem
1070 1489 1170 1530 unam
1189 1467 1356 1528 disbolnnr.

228 1571 270 1634 Et
288 1568 376 1642 dixi,
414 1564 551 1626 Domine
577 1565 794 1641 Bacculanrie,
828 1577 935 1649 parcet
962 1569 1043 1630 mihi
1077 1569 1232 1630 Dominus
1259 1569 1356 1644 Dens,

228 1669 303 1752 qnia
322 1667 385 1730 soci
405 1666 601 1746 ignoranter!
662 1664 725 1724 Sed
743 1665 820 1746 qnid
840 1666 970 1746 putatis,
1010 1677 1119 1730 utrum
1145 1645 1185 1727 sit
1210 1685 1355 1747 magnum

227 1764 412 1852 peccatum?
451 1765 493 1825 Et
513 1761 618 1845 primo
637 1762 736 1838 dixit,
758 1764 842 1844 quod
855 1765 980 1827 ridetur
998 1766 1077 1840 sibi,
1111 1765 1195 1847 quod
1215 1775 1260 1826 est
1284 1785 1356 1845 pec-

229 1878 331 1930 catum
351 1865 500 1938 mortale,
519 1863 593 1943 quia
606 1863 947 1942 comprehenditnrsnh
966 1864 1121 1938 idolatris,
1132 1874 1171 1925 et
1187 1874 1232 1925 est
1249 1871 1356 1924 contra

227 1966 366 2049 primum
387 1965 585 2046 praeceptum
615 1982 656 2024 ex
682 1955 998 2046 decem‘praeccptis,
1039 1964 1123 2044 qnod
1142 1973 1207 2024 est:
1248 1964 1354 2026 Unum

229 2066 321 2126 creda
340 2067 454 2126 Deum.
497 2061 581 2140 Quia
608 2061 731 2141 qnando
753 2063 864 2143 aliquis
884 2063 960 2124 facit
980 2061 1132 2124 honorem
1151 2061 1267 2123 Iudaeo
1273 2103 1284 2137 ,
1304 2063 1356 2122 vel

227 2157 369 2246 Pegaso,
406 2162 493 2244 qnasi
513 2169 590 2220 esset
610 2159 821 2236 Christianus,
848 2173 924 2224 tuno
945 2162 1021 2222 facit
1043 2172 1150 2224 contra
1171 2161 1356 2222 Christiani·
1412 2203 1413 2236 ζ

228 2273 323 2325 tatem
329 2304 354 2338 ,.
371 2273 401 2323 et
421 2269 548 2343 apparet
568 2269 695 2319 essemst
714 2259 861 2336 iudaeus,
896 2261 950 2324 vel
969 2262 1127 2343 chsnus,
1161 2273 1192 2322 et
1212 2268 1288 2322 tnnc
1301 2264 1355 2323 Ju-

208 2361 299 2423 ‘daei
317 2360 430 2442 pagani
456 2361 578 2420 dicunt:
620 2360 721 2432 „Ecce
750 2379 806 2420 nos
831 2381 938 2424 snmus
965 2360 1004 2421 de
1027 2361 1080 2422 via
1109 2361 1249 2436 meliori,
1283 2362 1357 2441 qnia

228 2460 398 2522 Christiani
419 2459 539 2520 faciunt
564 2458 653 2517 nobis
673 2460 897 2530 reverentiam,
934 2470 965 2520 et
995 2461 1055 2520 nisi
1085 2482 1218 2522 essemus
1244 2461 1285 2522 de
1305 2461 1356 2523 rie

227 2557 371 2632 meliori,
392 2572 457 2618 non
478 2557 617 2619 facerent
636 2557 725 2616 nobis
746 2560 984 2620 reverentiam.“
1025 2562 1065 2620 Et
1084 2562 1127 2621 sic
1147 2560 1356 2622 fortificantur

229 2659 263 2718 in
275 2679 332 2718 sua
344 2655 422 2730 fide,
444 2667 474 2717 et
486 2657 659 2737 despiciunt
668 2656 760 2716 fidem
773 2657 969 2719 christianam
980 2696 990 2734 ,
1011 2671 1041 2722 et
1050 2681 1113 2720 nan
1126 2660 1312 2740 permittunt
1324 2681 1355 2720 se

227 2755 393 2836 baptizare.
434 2756 525 2815 Tunc
544 2775 599 2835 ego
618 2755 780 2834 respondi:
800 2759 855 2818 Est
868 2760 947 2820 beno
959 2777 1081 2834 verum,
1104 2759 1225 2842 qnando
1240 2758 1355 2838 eliquia

228 2854 306 2916 iacit
322 2853 465 2926 scienter,
483 2853 535 2911 sed
547 2873 603 2932 ego
624 2853 686 2912 feci
706 2875 777 2913 cum
792 2856 974 2936 ignorantia,
991 2868 1022 2918 et
1041 2857 1215 2940 ignorantia
1229 2867 1355 2919 excuset

227 2962 404 3035 peccatum,
427 2952 517 3031 quis,
537 2953 563 3010 si
584 2951 755 3026 scivissem,
790 2956 875 3034 quod
893 2957 1026 3018 inissent
1044 2958 1168 3031 Iudaei,
1209 2967 1240 3017 et
1260 2958 1354 3017 fecis-

227 3069 292 3110 sem
308 3051 352 3109 eis
371 3049 537 3122 honorem,
561 3059 634 3108 tunc
656 3050 783 3110 fuissem
806 3055 916 3134 dignus
937 3056 973 3115 ad
995 3057 1253 3130 comburendum,
1281 3056 1354 3136 quia

129 3191 132 3196 ι
160 3139 172 3196 s
228 3159 306 3210 esset
325 3140 470 3208 haeresis.
511 3148 572 3208 Sed
593 3169 694 3229 neque
714 3153 827 3226 verbo,
850 3173 950 3234 neque
970 3171 1082 3236 opere,
1103 3155 1352 3228 sicutscitDeus‚

226 3247 346 3329 aliquid
366 3246 458 3320 novi,
479 3245 552 3326 quia
571 3249 679 3327 putavi
700 3252 783 3328 quod
804 3265 902 3314 essent
921 3255 1061 3335 Magistri
1091 3255 1198 3314 nostri.
1263 3255 1354 3314 Tunc

227 3347 294 3430 ipse
315 3345 410 3407 dixit:
453 3345 536 3425 quod
563 3355 666 3406 tomen
697 3363 741 3409 est
768 3351 869 3412 adhuc
895 3364 1070 3433 peccatum,
1092 3363 1122 3413 et
1150 3340 1245 3412 dixit:
1286 3354 1353 3432 Ego

226 3447 320 3506 etiam
341 3444 437 3504 semel
457 3443 503 3504 ivi
522 3465 581 3525 per
600 3447 782 3522 Ecclesiam,
818 3450 871 3508 ubi
897 3461 955 3512 stat
981 3473 1062 3512 unus
1081 3452 1213 3514 Iudaeus
1231 3451 1352 3530 ligneus

226 3555 297 3604 ante
318 3543 527 3616 Salvstcrem,
560 3553 591 3603 et
611 3545 702 3606 hebet
730 3548 876 3607 malleum
903 3549 937 3610 in
959 3568 1069 3624 manu,
1109 3562 1140 3610 et
1158 3571 1214 3631 ego
1233 3549 1351 3630 putavi,

227 3642 311 3722 quod
332 3651 378 3701 est
397 3652 518 3702 sanctus
537 3643 662 3718 Petrus,
685 3654 715 3704 et
738 3645 866 3706 haberet
886 3648 1004 3718 clarem
1030 3649 1064 3709 in
1085 3671 1194 3721 manu,
1224 3659 1255 3708 et
1276 3647 1352 3708 flexi

226 3761 344 3822 genna,
365 3749 396 3798 et
415 3739 543 3819 deposui
564 3741 731 3830 birretnm's
772 3747 863 3805 Tunc
886 3747 969 3821 vidi,
989 3749 1073 3828 qnod
1093 3759 1138 3808 est
1157 3748 1300 3824 Iudaeus,
1321 3755 1352 3806 et

226 3841 325 3916 etism¹
337 3838 492 3918 poenituit
514 3857 573 3896 me.
615 3842 733 3900 Tamen
753 3841 787 3902 in
808 3845 1017 3922 confessione,
1041 3867 1111 3906 cum
1126 3847 1300 3908 confiteber
1316 3846 1350 3904 in

224 3937 411 4026 monasterio
433 3926 701 4022 Ifraedicatornm,
735 3943 815 4004 dixit
843 3945 922 4005 mihi
954 3947 1112 4008 confessor
1129 3967 1234 4018 mens,
1267 3944 1351 4025 qnod

225 4047 270 4096 est
281 4045 440 4116 peccctunr
452 4034 581 4094 mortale
588 4078 597 4110 ,
619 4038 692 4116 quis
707 4040 851 4102 debemus
865 4045 1026 4124 respicere,
1050 4057 1080 4106 et
1091 4046 1179 4120 dixit,
1191 4045 1275 4125 quod
1287 4063 1350 4102 non

159 4137 161 4142 ’
223 4145 325 4216 posset
345 4154 395 4192 me
416 4135 590 4206 absolvere,
611 4135 671 4194 nisi
692 4137 819 4200 heberet
840 4154 1018 4222 potestatem
1031 4143 1255 4226 Episcopalem,
1278 4143 1351 4222 qnia

224 4241 302 4292 esset
314 4251 400 4292 cesus
415 4230 613 4324 Episcopelis.
633 4233 674 4294 Et
689 4237 778 4311 dixit,
794 4242 876 4319 quod
887 4243 914 4301 si
925 4244 1058 4304 libenter
1068 4243 1224 4315 fecissem,
1247 4251 1348 4302 etnon
