2872 4722
217 321 278 394 1ὁὸ
574 319 979 384 EPISTOLAE
1089 327 1092 336 ’

215 467 248 543 e't
269 480 381 542 ancilla
401 476 502 540 voluit
520 476 635 538 lectum
657 475 777 552 iecere,
812 486 843 539 et
862 497 943 540 unus
964 475 1137 540 Monachus
1156 475 1236 540 vidit
1260 499 1339 554 cam,
1428 507 1429 510 ¹

216 591 247 644 et
265 579 422 640 concurrit
442 579 471 636 ci
490 589 573 657 post,
595 588 627 634 ct
647 574 778 656 projecit
799 577 924 637 caused
944 589 1066 650 terram,
1088 586 1119 636 et
1137 577 1238 637 voluit
1251 588 1338 652 ants,
1428 573 1429 634 ;

214 689 289 742 tnnc
318 677 429 738 ancilla
454 675 614 750 clamavit,
653 683 686 736 ct
713 673 855 736 homines
880 661 1035 736 venerint
1060 675 1090 734 ei
1111 673 1146 736 in
1165 675 1339 754 auxiliom3

214 779 289 838 alias
308 775 507 856 oportuisset,
545 773 630 855 quod
644 772 704 852 illa
723 772 838 832 ancilla
856 783 1004 836 servasset
1026 775 1055 835 ci
1075 794 1173 835 unum
1195 793 1243 834 ex.
1298 777 1339 834 Et
1428 783 1429 846 i

213 874 313 940 voluit
334 892 530 953 competere,
563 872 718 953 quomodo
737 871 790 932 hic
811 873 847 934 in
866 873 1041 952 strastburg
1061 873 1095 934 in
1116 873 1231 932 clausto
1244 873 1340 933 Prae-

212 975 382 1035 dicatorum
406 971 537 1032 fuissent
554 969 720 1045 Monachi,
761 969 816 1052 qui
843 971 1002 1032 duxissent
1020 970 1166 1033 mulieres
1185 973 1225 1035 ad
1243 974 1338 1032 cellas
1428 987 1429 1006 ¹

213 1091 321 1133 eorum
342 1091 399 1151 por
418 1069 530 1150 ripam,
550 1088 629 1149 quae
650 1069 721 1130 iluit
740 1071 822 1150 apud
843 1072 1010 1131 claustrum
1038 1091 1160 1144 eorum,
1203 1082 1234 1131 et
1253 1093 1338 1132 rase-

210 1177 285 1234 runt
303 1169 347 1230 cis
367 1169 467 1229 crines
487 1168 614 1243 abinde,
636 1177 666 1229 et
686 1169 759 1230 illue
777 1169 924 1231 mulieres
944 1169 1070 1232 iverunt
1089 1171 1250 1251 longepro
1264 1172 1338 1230 Mo-

210 1270 333 1344 nachis,
377 1278 408 1330 et
427 1269 554 1329 iverunt
573 1269 614 1328 ad
633 1269 756 1344 forum,
790 1278 821 1330 ct
848 1269 990 1330 emebant
1014 1269 1150 1350 piscosa
1168 1265 1245 1330 viris
1258 1269 1337 1344 suis,
1428 1337 1429 1340 Ἴ

210 1371 266 1452 qui
286 1378 374 1430 erant
393 1367 575 1449 piscatores,
597 1377 628 1428 et
647 1379 752 1448 postea
768 1367 898 1428 fuerunt
913 1369 1052 1443 traditae,
1077 1381 1107 1428 et
1126 1368 1230 1429 taliter
1240 1371 1337 1430 Prae-

210 1469 359 1530 dicetorcs
379 1467 523 1529 fecerunt
542 1467 637 1526 semel
656 1467 825 1547 nequitiam
845 1467 1078 1545 bacchantibus3
1099 1479 1131 1526 et
1143 1467 1265 1549 quaudo
1284 1489 1335 1528 se-

209 1568 273 1628 mel
291 1583 372 1628 unus
391 1561 588 1624 Praedicator
614 1560 674 1622 ivit
693 1567 855 1646 spatiatum
875 1587 945 1628 cum
966 1566 1138 1642 Monacba,
1165 1577 1240 1627 tunc
1264 1565 1334 1628 ive-

196 1675 284 1739 runt
302 1661 385 1744 apud
403 1659 538 1735 scholas»,
570 1672 601 1720 et
621 1661 775 1725 scholares
796 1665 958 1728 trahebant
977 1665 1047 1726 flios
1064 1665 1144 1725 'duos
1163 1665 1334 1726 Monachos

208 1766 248 1826 ad
273 1761 423 1835 scholam,
461 1770 492 1823 et
518 1775 721 1822 correxerunt
745 1784 797 1824 eos
822 1765 983 1836 audacter,
1015 1773 1046 1824 et
1072 1763 1194 1844 quando
1220 1763 1333 1826 Mona·
1428 1811 1429 1818 ο

206 1862 296 1922 ebant
314 1868 533 1933 correxerunt,
553 1857 717 1936 viderunt,
738 1858 822 1940 quod
841 1857 950 1920 habuit
969 1859 1111 1954 vulvam,
1137 1871 1212 1922 tunc
1224 1883 1332 1924 omnes
1428 1845 1429 1922 ἶ

205 1961 343 2024 riserunt
368 1972 400 2018 et
428 1959 612 2020 dimiserunt
637 1978 689 2018 eos
713 1961 748 2020 in
772 1979 865 2040 pace3
895 1967 960 2019 totn
980 1958 1086 2020 civitas
1105 1959 1197 2022 fiebat
1218 1960 1332 2022 deinde
1428 2023 1429 2026 ,

152 2084 154 2096 ⁴
204 2061 298 2140 plens
319 2058 358 2118 de
378 2059 434 2118 illa
454 2077 499 2120 rc.
540 2059 630 2119 Tunc
651 2077 706 2138 ego
727 2059 775 2119 fui
795 2077 853 2139 per
872 2059 976 2119 Deum
996 2057 1087 2118 valde
1104 2059 1211 2135 iratus,
1231 2083 1332 2144 qusn-

114 2177 121 2194 ⁸
205 2159 245 2219 do
265 2157 339 2218 talia
354 2156 452 2232 dixit,
481 2168 514 2218 ct
532 2155 599 2217 dixi
620 2157 658 2217 ad
678 2179 768 2219 eum:
807 2159 872 2220 Vos
893 2177 959 2218 non
979 2156 1130 2218 deberetis
1152 2158 1225 2220 talia
1245 2161 1331 2220 dico-

203 2278 256 2333 re,
282 2257 382 2338 posito
408 2277 481 2318 casu
505 2258 709 2342 quodlssssnt
729 2276 821 2335 vera,
854 2267 957 2318 tomus
977 2255 1078 2316 adhuc
1098 2277 1163 2318 non
1177 2258 1346 2321 deberetis.

203 2357 325 2417 dicere:
366 2356 439 2438 quia
468 2369 570 2437 posset
586 2359 668 2419 bene
687 2359 883 2439 contingere,
913 2356 997 2438 quod
1021 2375 1127 2418 omnes
1149 2356 1329 2420 occideren—
1428 2343 1429 2422 i

201 2467 256 2518 tur
274 2455 309 2516 in
329 2477 392 2516 una
412 2455 511 2533 bora,
553 2456 632 2519 sicut
652 2456 842 2538 Templarii,
878 2456 906 2516 si
923 2455 1064 2516 homines
1085 2455 1154 2516 illas
1174 2457 1328 2536 nequitias

202 2576 308 2617 omncs
330 2554 453 2636 scirent.
513 2558 605 2618 Tunc
632 2555 725 2620 dixit:
765 2557 831 2637 Ego
852 2555 916 2616 scio
937 2555 1038 2616 adhuc
1063 2549 1127 2630 tdt,
1159 2555 1243 2636 quod
1261 2576 1327 2616 non

199 2673 320 2736 possam
341 2655 380 2714 ad
398 2653 511 2736 viginti
530 2674 620 2716 arcus
638 2655 750 2736 papyri
769 2656 911 2716 scribere.
952 2657 1043 2716 Tunc
1063 2675 1116 2735 ego
1132 2653 1216 2714 dixi:
1239 2657 1328 2734 Qua-

200 2774 236 2814 re
255 2751 350 2824 vultis
369 2755 408 2815 de
427 2753 571 2814 omnibus
590 2754 855 2816 Praedicatoribus
880 2754 1033 2823 seribere,
1069 2774 1133 2814 non
1151 2763 1257 2814 temen
1278 2755 1326 2814 fs·
1428 2767 1429 2772 ’

200 2861 310 2914 cerunt
330 2873 444 2912 omnes.
478 2852 514 2913 Si
528 2851 629 2913 illiin
639 2853 804 2932 Mogontia
825 2862 855 2913 et
875 2852 910 2912 in
932 2854 1108 2932 Strassburg
1129 2861 1201 2912 sunt
1212 2852 1326 2932 nequi·
1428 2921 1429 2926 η

199 2951 287 3025 tiosi,
308 2961 382 3011 tunc
399 2950 454 3039 alii
473 2961 546 3012 snut
567 2953 649 3013 forte
668 2953 769 3034 probi.
828 2953 919 3012 Tunc
941 2953 995 3010 ille
1023 2952 1117 3011 dixit:
1159 2952 1324 3028 Quomodo
1428 2941 1429 2990 3

199 3049 364 3110 confundis
384 3070 448 3125 me,
485 3071 540 3130 ego
563 3052 655 3112 credo
676 3051 759 3132 quod
779 3062 814 3110 tu
834 3049 874 3109 sis
890 3049 973 3110 filius
994 3050 1234 3125 Praedicatorist
1271 3053 1324 3112 vel
1428 3079 1429 3128 ς

172 3141 288 3209 xinisti
308 3159 371 3209 m'et
390 3137 631 3212 Praedicatorcs:
664 3170 811 3231 nuncupa
830 3149 908 3210 mihi
927 3169 1025 3208 unum
1045 3150 1230 3224 claustrum,
1266 3151 1323 3210 ubi
1428 3157 1429 3216 t

197 3259 271 3308 sunt
288 3248 378 3327 probi
397 3249 632 3310 Praedicatorss.
673 3253 764 3311 'func
784 3269 838 3328 ego
860 3249 941 3309 dixi:
961 3249 1034 3329 quid
1056 3249 1198 3310 fecerunt
1219 3248 1269 3308 illi
1287 3249 1323 3310 in

196 3348 403 3409 Francofurtl
453 3350 544 3409 Tunc
570 3349 651 3410 dixit
668 3349 746 3409 ille:
778 3349 885 3410 Nescis
904 3347 986 3407 hoc?
1026 3347 1076 3406 illi
1095 3347 1209 3408 habent
1227 3347 1322 3408 Prin-

196 3445 326 3526 cipalem
347 3447 430 3526 apud
449 3466 518 3524 eos,
542 3447 599 3527 qui
619 3458 748 3510 vocatur
768 3447 955 3528 Wigandus:
998 3447 1054 3505 ille
1073 3457 1118 3505 est
1138 3458 1232 3527 caput
1252 3467 1321 3508 orn-

194 3545 282 3606 nium
302 3545 527 3624 nequitiarum,
555 3557 586 3607 et
604 3546 671 3628 ipse
692 3547 808 3627 incepit
828 3547 914 3606 illam
933 3545 1077 3606 haeresin
1095 3545 1130 3605 in
1151 3547 1268 3620 Barna,
1290 3558 1321 3606 et

194 3643 270 3704 fecit
288 3664 386 3704 unum
415 3643 556 3726 libellum
586 3645 625 3704 de
652 3646 809 3720 Wesatio,
844 3657 875 3712 et
900 3645 990 3704 illum
1011 3657 1115 3726 postea
1135 3644 1170 3705 in
1189 3645 1321 3706 Heidel-

194 3743 287 3822 berga
306 3745 480 3818 revocavit,
522 3743 669 3820 cassavit,
710 3743 878 3825 extirpavit
904 3755 936 3802 et
961 3734 1150 3804 annullavit:
1189 3745 1322 3806 etfacit

195 3839 285 3900 etiam
307 3841 419 3902 deiude
438 3863 537 3904 unum
554 3845 670 3918 alium,
705 3843 761 3923 qui
780 3852 923 3904 vocatur:
965 3843 1017 3900 die
1035 3843 1253 3922 Sturmglock5
1268 3844 1317 3920 'let

192 3939 259 4019 ipse
279 3959 344 4000 non
363 3940 426 4000 fuit
445 3942 489 4001 ita
509 3941 626 4018 audax,
647 3942 729 4022 quod
750 3942 897 4003 scriberet
915 3961 1006 4002 suum
1025 3962 1155 4002 nomen:
1182 3941 1235 4000 scd
1255 3941 1317 4000 mi·
1428 3963 1429 3972 ¹

193 4039 232 4100 sit
251 4040 357 4098 Joann.
378 4039 576 4101 Pfefferkorn
597 4061 687 4102 suum
708 4059 822 4102 nomen
841 4040 993 4116 scribere,
1012 4052 1048 4100 ut
1070 4040 1157 4100 daret
1176 4040 1235 4100 sibi
1248 4062 1318 4100 me-

102 4205 104 4210 ,
193 4137 279 4197 diunt
299 4138 431 4212 lucrum,
452 4148 527 4199 tnnc
543 4139 620 4202 velit
640 4161 704 4200 csse
723 4150 900 4215 contentus,
923 4139 996 4222 quia
1014 4139 1100 4199 barm¹
1113 4138 1212 4214 scivit,
1230 4139 1315 4218 quod
1428 4165 1429 4176 ¹

191 4239 322 4302 Joanncs
338 4233 546 4326 :Piefferkorn
573 4251 651 4302 esset
678 4240 751 4302 ralis
775 4239 885 4318 home,
925 4240 981 4322 qui
1001 4239 1158 4300 neminem
1180 4247 1314 4312 curaret,
1428 4291 1429 4300 ,
