2872 4722
407 335 678 399 ooscun.
719 319 943 401 v1non.
1175 341 1243 408 101x

105 493 166 553 nisi
186 491 220 554 in
244 512 351 574 mense
369 494 484 568 semol,
521 503 574 554 aut
593 494 658 565 his,
700 516 758 578 ego
778 494 879 558 miror
897 496 982 579 quod
1002 493 1076 559 tilis
1094 497 1236 572 scribitis,

104 605 208 654 tamen
232 612 290 674 ego
311 591 375 652 scio
398 593 596 655 contrarium.
656 595 711 654 Est
729 594 782 657 hic
801 617 883 661 uuus
902 597 1021 672 socius,
1062 597 1117 678 qui
1136 613 1237 677 nuper

66 705 73 716 ’
104 692 192 755 venit
212 711 255 751 ex
274 691 423 767 Colonia,
444 703 474 754 et
494 694 573 754 hene
595 703 641 755 eat
658 694 749 756 vobis
767 685 880 771 notu's,
910 705 942 757 et
956 696 1024 757 fuit
1042 697 1135 756 etiam
1154 713 1238 757 scm-

103 813 161 872 per
181 791 228 850 ibi
252 790 418 852 vobiscum.
444 792 529 872 ‚Ipse
549 791 641 870 dicit,
666 794 750 874 quod
768 794 943 876 supponitis
961 813 1094 856 uxorem
1112 792 1238 856 loannis

103 889 325 964 Pfefferkorn,
367 899 399 950 ct
420 890 501 952 dixit
519 891 600 952 mihi
621 892 789 968 varaciter,
821 904 852 956 ct
870 893 1001 976 juravit,
1022 905 1053 955 et
1075 914 1130 976 ego
1145 891 1237 954 credo

103 990 217 1065 etism;
240 988 314 1068 quia
336 1007 389 1049 vos
411 989 483 1050 estis
501 991 592 1052 valde
612 991 797 1067 amicabilis,
820 1002 852 1054 ct
871 994 963 1055 etiam
984 993 1068 1055 scitis
1090 995 1164 1056 dare
1180 994 1238 1054 ho·

100 1107 144 1146 na
166 1087 273 1149 verba.
332 1089 373 1149 Et
395 1108 466 1148 cum
482 1088 546 1150 hoc
568 1091 652 1153 scitis
672 1091 811 1173 perfecte
829 1101 927 1154 artem
949 1091 1075 1154 amandi
1094 1113 1134 1172 en
1157 1091 1238 1154 ovi-

72 1267 75 1276 ,
101 1187 167 1247 dio.
230 1187 333 1246 Etiam
355 1186 437 1248 dixit
456 1188 536 1250 mihi
555 1191 680 1271 quidam
700 1200 866 1268 mercator,
901 1191 986 1272 quod
1010 1192 1119 1254 dicunt
1143 1193 1237 1254 Colo*

100 1286 196 1360 niae,
227 1287 313 1367 quod
334 1286 484 1366 Magister
510 1301 614 1351 noster
635 1290 792 1352 Amoldus
812 1282 856 1352 (le
871 1292 1026 1371 Tungaris
1046 1291 1138 1354 etiam
1154 1282 1236 1372 *supss

97 1384 194 1464 pouit
215 1405 291 1444 eam.
355 1387 417 1447 Sed
436 1387 497 1448 ltoc
516 1409 581 1449 non
604 1402 649 1450 est
667 1409 794 1465 verum,
822 1391 896 1472 qnia
914 1410 970 1472 ego
990 1390 1054 1452 scio
1073 1391 1236 1465 veraciter,
1274 1427 1277 1436 ·

98 1485 189 1563 quod
216 1484 289 1565 ipse·
308 1485 410 1548 adhuc
439 1497 484 1549 est
509 1488 599 1569 virgo
611 1530 621 1563 ,
662 1475 706 1550 et⁸
720 1488 804 1569 quod
832 1509 993 1571 uunquam
1022 1489 1122 1572 tetigit
1140 1509 1236 1552 uuam
1303 1535 1310 1540 -
1408 1527 1419 1578 ,¹

97 1583 283 1644 mulierem:
318 1586 375 1646 sed
393 1587 513 1648 etiamsi
533 1586 670 1662 fecisset,
710 1588 763 1648 vel
782 1587 915 1664 faceret,
949 1583 1030 1650 sicut
1050 1609 1114 1650 nou
1133 1589 1236 1664 credo,

95 1690 210 1742 tamen
231 1703 296 1742 nou
314 1696 392 1746 esset
411 1698 576 1769 propterea
594 1686 640 1746 ita
667 1685 781 1762 malua,
815 1687 889 1769 quia
914 1687 1088 1750 humanum
1120 1698 1166 1749 est
1186 1709 1237 1750 er-

97 1801 188 1842 rare.
250 1784 313 1844 Vos
330 1787 464 1846 multum
484 1784 617 1848 scribitis
637 1784 716 1846 mihi
738 1785 777 1846 do
801 1785 862 1848 isto
892 1797 1035 1868 peccato,
1066 1775 1152 1868 quod
1172 1806 1237 1848 nou

99 1891 155 1942 est
184 1881 283 1961 majus
302 1894 460 1963 paccatum
480 1884 514 1944 in
537 1885 670 1960 mundo,
715 1894 747 1944 et
768 1886 905 1966 allegatis
930 1886 1041 1946 multas
1060 1887 1237 1967 scripturas,
1294 1945 1301 1959 x

96 1982 170 2062 Ego
191 1981 256 2042 scio
276 1983 367 2059 bene,
390 1983 475 2064 quod
494 2003 558 2044 non
579 1995 624 2044 eat
644 1985 771 2059 bonum,
790 1985 845 2044 scd
864 1995 969 2048 tamon
990 1985 1083 2048 otiam
1104 1987 1139 2046 in
1151 2005 1237 2046 sacro

84 2081 256 2161 scriptura
276 2083 448 2162 reperitur,
470 2082 553 2162 quod
574 2083 672 2163 aliqui
692 2084 736 2144 sic
757 2094 973 2164 peccaverunt,
994 2094 1025 2145 et
1045 2093 1149 2146 umen
1164 2070 1263 2146 fue-'¹

97 2185 175 2241 r'unt
196 2181 314 2242 salvati.
358 2181 410 2240 sic
430 2183 578 2256 Samson,
598 2183 653 2264 qui
672 2183 821 2244 dormivit
843 2203 914 2242 cum
935 2183 1183 2258 unamaretricc,
1205 2192 1236 2243 et

98 2290 206 2340 umen
227 2291 333 2360 posteo
353 2279 488 2361 Spiritus
507 2282 640 2342 Domini
658 2283 752 2343 irruit
772 2282 807 2342 in
827 2299 908 2341 eum:
949 2281 990 2341 lit
1011 2300 1137 2362 possum
1159 2301 1235 2342 con-

96 2388 147 2438 tra
169 2398 230 2439 vos
253 2399 382 2459 arguero
401 2379 462 2439 sic:
503 2380 653 2460 Quisquis
673 2401 738 2440 non
759 2389 805 2442 est
825 2380 1015 2453 malevolus,
1035 2380 1148 2460 recipit
1160 2377 1234 2458 Spi-

93 2477 201 2539 ritum
221 2487 380 2537 sanctum:
412 2477 466 2538 sed
481 2479 611 2539 Samson
633 2499 697 2540 non
719 2489 764 2540 ast
785 2479 977 2540 malevolus:
1018 2479 1100 2558 Ergo
1120 2475 1235 2556 recipit
1307 2546 1312 2555 .
1345 2457 1351 2476 N

93 2577 262 2658 Spiritum
284 2585 426 2636 sanctum.
466 2577 620 2657 Majorem
640 2578 756 2658 probo,
776 2579 851 2659 quia
870 2578 1092 2659 scriptumest:
1112 2577 1151 2638 ln
1166 2595 1234 2635 ma-

91 2661 237 2739 levolam
258 2677 392 2738 animam
412 2699 476 2738 nou
496 2678 639 2739 introibit
654 2679 788 2760 Spiritus
808 2677 990 2758 sapientiae:
1013 2677 1079 2737 'sad
1099 2673 1233 2756 Spiritus

95 2787 224 2838 sanctus
233 2776 598 2858 catapiritussapientiae,
612 2798 695 2858 ergo.
715 2777 823 2839 Minor
831 2789 925 2858 patet,
940 2777 1022 2857 quia,
1034 2777 1062 2836 si
1070 2775 1151 2836 illud
1158 2793 1232 2855 pcc⁴

96 2889 204 2937 catum
223 2876 442 2936 fornicationis
460 2889 537 2936 esset
557 2878 601 2937 ita
621 2878 737 2938 malum
745 2879 769 2951 ,‘
777 2889 854 2938 tunc
866 2877 1004 2964 Spiritus
1012 2872 1144 2936 Domini
1168 2892 1234 2934 non

95 2977 243 3038 irruisset
264 2978 298 3036 in
319 2979 460 3054 Samson,
480 2979 562 3055 sicut
580 2985 663 3058 patet
682 2977 718 3037 iu
735 2977 817 3037 libro
837 2976 991 3039 iudicum.
1031 2975 1134 3036 Etiam
1153 2971 1233 3054 legi·
1293 3005 1295 3012 ·

95 3089 149 3137 tur
170 3077 212 3138 de
234 3077 416 3152 Salomone,
443 3080 526 3159 quod
544 3077 652 3138 habuit
670 3086 821 3138 trecentas
842 3074 998 3157 Reginae,
1032 3087 1065 3136 et
1083 3072 1232 3136 concubi·

97 3197 212 3237 uarum
240 3196 304 3236 non
340 3178 404 3238 fuit
431 3168 595 3239 uumerus:
636 3187 668 3234 ct
695 3174 762 3255 ipse
790 3175 855 3258 fuit
881 3176 1035 3236 maximus
1057 3173 1231 3238 fornicator

97 3275 257 3356 usquead
278 3288 412 3336 mortem
437 3297 540 3347 suam,
576 3286 607 3334 et
634 3287 738 3335 tamen
757 3276 908 3337 Doctores
928 3273 1135 3336 communiter
1155 3289 1231 3328 con-

98 3375 246 3448 cludunt,
282 3376 366 3454 quod
387 3386 432 3436 est
451 3377 593 3445 salvatus.
656 3373 743 3452 Quid
762 3394 847 3436 nunc
868 3374 995 3434 videtur
1012 3370 1123 3432 vobis?
1164 3369 1230 3449 Ego

97 3493 163 3536 non
185 3493 255 3535 sum
271 3474 398 3550 fortior,
431 3496 523 3556 qoam
546 3477 690 3547 Samson,
726 3481 757 3532 et
776 3491 839 3533 non
862 3493 930 3532 sum
950 3469 1120 3550 sapientior
1141 3467 1231 3528 Salo-

98 3595 210 3649 mone,
232 3583 263 3634 et
283 3593 356 3652 orgo
377 3586 497 3655 oportet
516 3573 681 3656 aliquando
702 3571 817 3632 habere
836 3591 935 3630 unum
955 3568 1113 3634 laetitiam.
1135 3566 1229 3652 Quia,

99 3686 134 3734 ut
155 3674 266 3734 dicunt
284 3672 416 3747 Medici,
437 3674 496 3736 hoc
515 3676 599 3735 valet
618 3682 725 3733 contra
745 3670 991 3732 melancholiam.
1051 3667 1118 3730 Ah!
1153 3666 1229 3749 quid
1290 3671 1297 3678 ’

99 3773 202 3832 dicitis
223 3773 263 3832 dc
283 3772 349 3832 istis
368 3773 490 3833 cariosis
511 3773 675 3853 patribus?
695 3783 798 3831 tamen
820 3770 896 3830 dicit
913 3768 1126 3830 Ecclesiastes:
1167 3767 1230 3842 „Et

100 3872 292 3952 deprehendi
312 3871 395 3932 nihil
413 3892 478 3933 essa
497 3853 626 3946 melius,
660 3892 752 3952 quam
773 3869 882 3934 laetari
902 3869 1061 3930 hominem
1079 3865 1115 3926 in
1135 3884 1230 3945 opere

99 3975 185 4031 suc.“
238 3975 439 4053 Quapropter
457 3992 513 4052 ego
534 3972 603 4032 dico
624 3991 695 4032 cum
717 3972 882 4039 Salomone
903 3967 1091 4057 adamicata
1112 3985 1228 4026 meam:

99 4069 301 4143 „vulnerasti
321 4091 516 4146 cormeum,
538 4089 626 4132 soror
646 4091 731 4145 mea,
752 4091 862 4152 sponsa
882 4091 967 4152 mea,
986 4067 1156 4128 vulnerasti
1176 4083 1230 4124 cor

101 4187 205 4231 meum
217 4170 252 4232 in
270 4193 332 4232 uuo
344 4171 432 4232 crine
442 4171 516 4232 colli
528 4171 590 4230 tui!
614 4173 716 4249 Quam
730 4171 880 4252 pulchrae
891 4179 964 4232 sunt
979 4187 1130 4228 mammas
1147 4174 1228 4239 tuac,
1329 4225 1336 4234 ,

102 4287 189 4334 soror
202 4291 287 4346 mes,
302 4291 413 4352 sponsa
428 4291 513 4332 meas
533 4270 897 4334 Pulchriorasuntubera
910 4269 1054 4347 tuavino,
1073 4270 1150 4326 etc-.“
1169 4265 1229 4324 Per
1258 4286 1261 4302 ’
