2846 4716
389 358 839 453 xunnnocnej
1144 369 1204 442 m1

70 533 195 592 modum
225 530 304 604 erit,
332 531 414 602 acio,
445 530 569 611 quando
594 529 728 594 nimium
756 540 849 592 avent
868 543 1011 613 parentes
1031 533 1202 592 sacerdotes

70 634 175 694 videre
209 630 302 692 filios.
341 633 438 694 Puer.
465 630 570 690 Facile
590 626 673 700 certe
693 630 826 710 intelligi
846 641 961 712 potest,
995 631 1071 710 quid
1091 621 1202 692 aurum
1281 677 1283 683 ,

70 731 177 792 saciata
198 731 359 796 nonsatis
379 731 472 792 habet
493 729 674 808 sacrilegus,
713 749 817 790 caecos
845 741 876 792 et
905 729 1028 790 claudos
1057 741 1087 791 et
1115 729 1202 790 omui

69 831 219 892 vitiorum
251 851 364 910 genere
393 829 561 890 maculatos
587 829 628 898 ad
657 820 753 898 altare
783 829 869 893 ferre
891 829 1080 896 dominicum
1088 871 1096 902 ‚
1140 829 1201 888 nisi

68 931 181 992 vitulos
206 930 301 992 addat
328 929 438 1002 etiam,
481 927 593 1007 quibus
626 940 710 988 certo
737 927 850 988 scimus
878 927 940 988 Dei
963 927 1107 1007 spiritum
1136 936 1221 988 non*

70 1029 225 1090 oblectari.
276 1029 395 1090 Audivi
422 1026 576 1107 quondam
606 1026 641 1086 in
666 1027 783 1106 templo
811 1047 905 1107 puer,
947 1025 1120 1105 presbyteri
1141 1032 1202 1087 v'o-

70 1129 176 1187 cabulo
205 1129 364 1188 seniorem
393 1125 560 1206 significari
592 1123 682 1186 nobis
709 1127 958 1207 sacerdotemque
988 1127 1134 1192 nuntium
1161 1125 1202 1188 ad

69 1228 210 1288 homines
234 1229 360 1292 divinae
397 1247 461 1295 cese
486 1225 655 1292 voluntatis
696 1237 950 1308 sequestrumquo
977 1225 1049 1302 ‚Dei
1084 1234 1114 1284 et
1142 1223 1202 1283 ho-

71 1328 187 1390 minum
200 1353 219 1388 :⁴
253 1348 350 1407 quare
376 1325 498 1402 reliqua
524 1324 611 1405 plebs
632 1324 670 1384 dc
691 1323 759 1404 lege
781 1347 833 1404 eos
853 1325 1044 1406 interrogare
1064 1322 1200 1402 jubetur,
1293 1313 1296 1318 ’

71 1427 214 1508 qnoniam
251 1427 334 1488 labia
361 1425 526 1484 sacerdotis
545 1424 742 1492 custodirent
773 1424 950 1502 scientiam3
970 1423 1125 1505 propheta
1146 1420 1199 1493 ait,

72 1538 98 1586 et
116 1527 216 1607 legem
238 1525 400 1605 requirent
427 1544 467 1582 ex
489 1542 542 1580 ore
563 1523 660 1584 illiue.
707 1524 757 1583 Ex
777 1544 838 1603 quo
859 1523 1059 1604 perspicuum
1080 1528 1142 1594 est,
1173 1517 1201 1578 si
1283 1591 1288 1598 μ

70 1627 205 1688 sacerdos
229 1635 292 1698 est,
326 1625 403 1698 sciat
420 1624 519 1702 legem
547 1621 693 1692 Domini:
730 1621 758 1680 ei
780 1621 901 1701 ignorat
921 1623 1038 1700 legem,
1078 1619 1200 1700 ipsese

71 1725 166 1805 arguit
187 1745 254 1789 non
277 1743 342 1782 csso
362 1722 492 1786 Domini
513 1722 710 1786 sacerdotem.
757 1719 872 1786 Paulus
898 1741 1023 1803 quoque
1042 1719 1129 1799 jubet
1150 1737 1200 1776 sa-

70 1825 201 1904 pientem
240 1844 305 1894 esee
338 1824 554 1904 presbyterum
583 1830 613 1880 et
653 1819 819 1890 habentem
853 1822 889 1881 in
921 1821 1061 1884 doctrina
1083 1837 1201 1880 sermo-

71 1944 137 1982 nem
160 1923 306 1997 fidelem,
349 1933 384 1982 ut
417 1919 512 2001 possit
539 1919 695 1980 consiliari
730 1919 764 1979 iu
790 1920 931 1986 doctrina
953 1941 1045 1988 sana,
1086 1930 1117 1978 et
1138 1937 1199 1989 eos,

72 2024 121 2101 qui
143 2021 375 2092 contradicunt}
395 2039 539 2098 arguere3
573 2019 727 2099 quomodo
760 2038 845 2100 ergo,
867 2040 989 2100 quaeso,
1011 2018 1046 2079 hi
1069 2025 1200 2098 possunt

73 2121 157 2180 modo
179 2099 355 2202 presbytcri
370 2139 450 2195 cese,
471 2119 525 2198 qui
545 2119 636 2200 pueri
658 2121 761 2183 adhuc
781 2119 876 2179 sunt?
897 2117 1052 2199 quomodo
1075 2116 1199 2196 eapien-

71 2231 112 2280 tes
140 2234 170 2284 et
201 2219 301 2292 docti,
331 2220 400 2299 qui,
421 2277 424 2294 ,
432 2229 647 2298 praeterquam
670 2219 752 2298 qnod
772 2219 854 2288 male
884 2227 914 2278 et
934 2217 1059 2282 indocte
1086 2215 1200 2274 educa*

73 2318 96 2379 ti
115 2329 200 2394 sunt,
233 2317 424 2391 doctrinam,
453 2338 532 2398 quae
553 2319 651 2379 multo
674 2320 801 2387 labore,
828 2318 927 2381 multo.
949 2327 1100 2396 tempore,¹
1123 2313 1198 2372 doc·

72 2419 189 2478 tirsimis
223 2417 444 2498 praeeuntibus
479 2420 572 2478 etiam
611 2417 886 2497 praeceptoribus,
911 2417 984 2491 ⁴vin
1015 2413 1198 2496 percipitur,

72 2519 203 2582 nondum
222 2515 360 2577 habent?
381 2516 535 2594 quomodo
556 2516 743 2598 respondere
764 2517 802 2576 dc
821 2503 905 2598 lege,
935 2515 991 2597 qui
1012 2514 1090 2596 ipsi,
1121 2511 1199 2593 quid

72 2617 107 2674 sit
125 2619 177 2691 len
197 2617 318 2699 demini
339 2625 369 2684 et
390 2616 534 2678 voluntas
562 2617 627 2696 ejus
648 2616 861 2689 immaculata,
902 2616 996 2695 plane
1023 2611 1200 2696 ignorant?

75 2713 280 2796 Otempore,
322 2734 341 2772 o
367 2710 487 2786 mores!¹
528 2735 546 2774 o
575 2715 703 2780 fulvum·
726 2705 853 2788 aarum!
898 2715 1097 2787 mirumst,
1131 2729 1197 2770 nou

74 2812 191 2881 dudum
222 2814 428 2882 Christianam
464 2810 588 2896 penitus
627 2813 781 2890 interiisse
807 2811 1007 2894 religionem:
1048 2810 1218 2892 quoniam,

75 2923 101 2970 et
117 2915 217 2994 nuper
236 2913 362 2989 audivi,
404 2915 440 2979 in
461 2915 572 2980 Galliis
595 2902 757 2986 duodecim
777 2913 908 2977 vixdum
937 2931 1092 2981 annorum
1117 2931 1197 2992 pue-

74 3028 144 3096 rum¹
160 3014 278 3084 fectum
300 3009 513 3084 Cerdinalem:
533 3034 598 3080 esse
619 3035 740 3095 quoque
758 3013 821 3086 hic,
852 3023 938 3076 certe.
956 3032 1020 3083 non
1041 3009 1077 3070 fit
1102 3028 1197 3091 prae-

79 3109 219 3174 varicatio
234 3112 370 3182 instituti
404 3111 553 3187 humani,
584 3113 637 3180 eed
664 3114 789 3182 divinae
808 3112 894 3194 legis,
927 3111 1080 3193 pecuniae
1112 3130 1196 3191 ergo.

76 3210 178 3288 Lepet¹
203 3211 239 3271 Si
274 3213 326 3277 cul
350 3231 425 3286 snae
456 3211 604 3286 dioecesis
631 3211 727 3280 horae
753 3212 911 3294 precariae
931 3210 1067 3278 nimium
1086 3229 1196 3290 gravor

77 3326 135 3382 cue
158 3309 322 3396 videntur,
364 3320 401 3380 ut
427 3309 536 3386 liceat,
568 3313 736 3388 secundum
763 3313 870 3373 stilum
897 3312 1074 3378 Romanum
1096 3326 1199 3379 orare.=

77 3408 164 3473 Puer.
190 3410 278 3470 Belle
310 3408 457 3490 quidem3
496 3411 656 3492 Romanus
686 3413 769 3484 casim
790 3415 881 3484 stilus
900 3423 961 3485 eet,
988 3428 1077 3483 oraqe
1097 3405 1194 3479 nihil:

78 3523 243 3585 quanquam
271 3528 371 3589 neque
393 3529 448 3588 ego
475 3520 594 3578 nostros
614 3509 730 3586 laudo,
765 3510 819 3592 qui
840 3519 923 3570 tanto
944 3509 1050 3569 labore
1069 3503 1196 3586 psalmis

77 3621 133 3665 aon
151 3608 316 3669 intellectis
336 3595 447 3670 Deum¹
470 3611 665 3680 obtundunt,
698 3610 793 3685 adeo,
830 3619 866 3669 ut
887 3609 1022 3680 nesciat,
1063 3604 1196 3665 maledi-

80 3715 141 3764 aaut
166 3726 206 3782 an
240 3717 331 3768 orent
358 3708 521 3792 supplices.
562 3709 749 3790 Evangelica
777 3707 871 3768 etiam
897 3704 1118 3772 hoc.doctrina
1137 3703 1195 3762 lra-

78 3799 138 3876 bet,
155 3825 195 3866 ne
214 3807 312 3876 multa
330 3805 480 3876 faciamus,
501 3810 611 3883 verba,
645 3819 681 3869 ut
701 3807 818 3869 ethnici
837 3807 973 3874 faciuntt
1006 3824 1099 3885 quam
1119 3802 1196 3862 adeo
1228 3860 1230 3866 ,

80 3896 101 3955 ii
119 3901 323 3968 Romanenses
343 3909 476 3989 pulchre
496 3920 637 3983 ternant,
675 3916 721 3984 ut,
758 3907 864 3989 potius¹
882 3925 976 3987 quam
990 3911 1130 3984 peccent
1160 3900 1195 3971 in

80 4015 276 4084 campartem
306 4006 484 4089 ethnicique
512 4007 605 4083 fiant,
626 4007 755 4088 penitus
770 4017 860 4068 orent
878 4005 976 4070 nihile
1006 4008 1098 4080 atque
1118 3999 1196 4061 adeo

81 4095 134 4158 hoc
151 4113 209 4182 est,
252 4107 337 4188 quod
366 4125 451 4180 novo
476 4108 561 4170 inter
582 4128 634 4172 eoa
682 4115 715 4172 et
738 4104 916 4169 Christiano
933 4103 1100 4172 admodum
1121 4093 1214 4180 pro·¹
1268 4133 1288 4156 0
1382 4117 1410 4156 ,t

83 4199 182 4264 verbio
203 4204 323 4283 fertur,
365 4227 437 4279 cum
465 4207 538 4278 sede
569 4206 736 4288 apostolica
764 4222 854 4277 orare
874 4225 941 4282 00⁵3
981 4201 1131 4264 nimirum
1146 4218 1196 4284 ‚1⁶2

84 4316 154 4374 quae
180 4323 238 4366 neo
253 4297 353 4380 orat,
388 4327 447 4372 nec
472 4327 563 4370 orare
590 4297 706 4388 potest,
740 4305 856 4388 quippe
883 4306 1062 4389 insensata„
1087 4302 1197 4378 Legat.

87 4395 120 4454 Si
137 4420 215 4478 quae
240 4407 334 4468 etiam
360 4409 483 4470 fuerint
501 4408 685 4480 sacerdotia,
704 4407 801 4479 eive,¹
824 4416 861 4466 ut
883 4415 1008 4482 vocant,
1029 4397 1198 4475 beneficia,
