2896 4716
127 364 134 376 ·
215 347 278 416 uo
385 307 397 378 7
521 340 978 419 -ur1srounu
1047 390 1048 396 Ν

217 505 353 568 Domine
371 499 546 577 Brentesio,
577 519 640 560 uon
660 495 797 560 habeatis
817 495 896 556 mihi
916 517 973 580 pro
993 497 1092 572 melo,
1138 495 1223 577 quod
1241 495 1349 560 inter—

216 622 366 686 rogovos
400 613 430 661 et
458 621 527 659 cum
556 597 809 679 supportatione:
843 596 946 676 primo
966 597 1099 658 libenter
1117 597 1231 658 vellem
1254 598 1349 670 seire,

216 726 256 765 au
276 701 432 764 Reuchlin
453 710 498 758 est
516 697 617 758 adhuc
637 695 749 756 sanus?
789 696 980 775 Respondit,
1021 696 1104 776 qnod
1127 695 1189 771 ite,
1220 697 1276 756 sed
1296 706 1349 755 te-

217 801 304 876 men,
343 799 426 879 quod
449 817 511 856 non
538 805 637 877 potest
660 796 739 855 bcne
767 793 876 855 uidere
903 796 970 855 siue
990 795 1093 856 brillo.
1139 796 1230 854 Tunc
1258 793 1349 855 dixi:

215 907 297 982 Ergo
318 919 374 980 pro
393 897 526 958 secundo
548 895 654 957 dicatis
675 894 763 968 mihi,
781 893 935 972 quomodo
948 905 1050 955 tamen
1065 892 1156 954 hahet
1169 913 1219 966 se,
1240 893 1349 973 quoad

216 1019 336 1062 causam
356 996 452 1056 fideii
492 995 557 1075 Ego
576 993 698 1067 audivi,
734 993 819 1073 quod
838 993 930 1054 habet
951 1007 1047 1056 certas
1065 995 1137 1053 lites
1157 1013 1229 1052 cum
1251 992 1348 1052 certis
1428 1043 1429 1064 ,

216 1099 398 1178 Theologis,
417 1095 472 1155 sed
492 1093 606 1166 credo,
627 1092 710 1171 quod
730 1090 851 1151 faciunt
871 1094 902 1152 ei
923 1094 1090 1174 injuriam,
1112 1091 1181 1169 (sed
1200 1091 1349 1152 dixiiro-

172 1187 176 1196 ¹
214 1196 296 1282 nice)
316 1193 470 1277 quomodo
492 1212 564 1272 ergo
584 1191 675 1250 habet
695 1190 748 1249 se?
789 1191 855 1270 Ego
877 1194 988 1267 oredo,
1009 1191 1092 1272 quod
1112 1211 1234 1270 semper
1256 1210 1347 1250 com·
1429 1213 1430 1262 t

214 1308 309 1380 ponet
328 1292 447 1373 aliquid
468 1302 575 1350 contre
593 1289 776 1368 Theologos.
838 1286 1014 1371 Respondit
1033 1289 1103 1350 illc:
1135 1291 1258 1359 nescio,
1289 1290 1347 1350 sed

213 1407 316 1458 tamen
335 1393 408 1454 volo
429 1390 532 1450 dicere
551 1389 655 1463 vobis,
676 1389 751 1466 quid
772 1409 827 1469 ego
850 1390 917 1449 vidi
937 1392 975 1449 ab
995 1410 1048 1464 eo,
1071 1390 1193 1469 quando
1213 1389 1288 1448 veni
1307 1388 1344 1448 in

215 1498 342 1558 domum
364 1490 446 1570 ejus,
469 1487 548 1548 dixit
566 1487 663 1547 mihi:
684 1487 767 1546 Beue
782 1488 930 1549 veneritis
951 1488 1088 1548 Domine
1107 1487 1277 1560 Bacularie‚
1291 1507 1346 1547 se·
1430 1519 1431 1526 κ

215 1596 319 1658 dentis.
359 1592 401 1651 Et
422 1589 488 1668 ipse
507 1585 600 1646 hebet
621 1585 751 1645 brillum
772 1586 806 1646 in
827 1607 921 1660 naso,
944 1598 975 1647 ct
993 1587 1109 1647 librum
1132 1597 1202 1646 ante
1216 1581 1264 1660 se,
1286 1585 1346 1665 qui

214 1697 277 1758 fuit
297 1691 450 1770 scriptus,
472 1683 620 1756 mirifice,
643 1683 703 1756 ito,
738 1688 821 1764 quod
841 1687 943 1747 stetim
963 1686 1046 1758 uidi,
1088 1685 1170 1764 quod
1189 1706 1256 1745 uon
1277 1693 1347 1743 erut

215 1782 392 1860 Asmunice,
414 1805 514 1864 neque
534 1780 699 1842 Bohemice
718 1785 867 1864 scriptus,
889 1805 990 1864 neque
1011 1785 1104 1844 etium
1126 1785 1247 1845 Latine.
1304 1783 1345 1842 Et
1432 1858 1433 1870 χ

215 1893 282 1954 dixi
299 1891 346 1948 ei:
368 1883 497 1965 Egregie
516 1881 652 1940 Domine
673 1883 808 1956 Ductor,
830 1883 985 1962 quomodo
1006 1895 1135 1944 vocatur
1155 1883 1224 1944 talis
1239 1882 1344 1942 libert

213 1986 399 2070 Respondit,
436 1980 519 2062 quod
540 1989 668 2040 uocatur
688 1979 871 2040 Plutarchus
891 1983 925 2044 in
937 1983 1085 2055 Graeco,
1121 1995 1152 2041 et
1171 1989 1282 2042 tractet
1303 1981 1343 2040 de

146 2148 148 2152 .
213 2083 423 2166 Philosophia.
485 2082 575 2140 Tunc
595 2076 678 2152 dixi,
719 2080 826 2159 legatis
847 2080 881 2139 in
903 2082 1031 2144 nomine
1052 2081 1198 2153 Domini,
1234 2092 1266 2141 et
1299 2080 1344 2140 sic

216 2186 326 2258 credo,
346 2180 429 2262 quod
448 2179 505 2238 scit
522 2187 603 2236 artes
622 2176 786 2238 mirabiles»
827 2179 919 2238 Tunc
940 2179 1008 2240 vids·
1027 2179 1126 2259 jacere
1145 2197 1244 2276 rmum
1266 2200 1343 2258 par-
1394 2222 1399 2229 -

214 2306 290 2350 vum
310 2283 425 2342 librum
446 2277 570 2336 noviter
589 2275 771 2356 impressum
792 2277 848 2336 sub
869 2297 1010 2352 scamno,
1034 2290 1064 2339 et
1084 2279 1150 2338 dixi
1173 2275 1218 2336 ei:
1238 2280 1343 2358 Egre-
1434 2349 1435 2356 ἵ

216 2387 265 2464 gie
285 2381 421 2442 Domine
436 2373 571 2449 Doctor,
592 2374 667 2454 quid
678 2373 756 2452 jacet
776 2375 852 2434 hie?
893 2377 1081 2456 Respondit:
1102 2385 1147 2436 est
1167 2397 1247 2436 unus
1259 2378 1342 2438 liber

216 2479 484 2547 scandalizativus,
517 2495 609 2554 quem
629 2490 730 2551 nuper
750 2474 878 2552 quidum
904 2475 1019 2534 amicus
1048 2495 1133 2535 meus
1162 2475 1246 2536 misit
1260 2475 1342 2536 mihi

217 2604 257 2641 ex
276 2579 423 2649 Colonia,
455 2587 485 2634 et
506 2573 571 2653 ipse
591 2583 637 2632 est
658 2575 788 2651 scriptus
812 2583 919 2633 contre
940 2594 999 2646 me,
1023 2583 1054 2632 et
1069 2574 1222 2655 'l'hoologi
1240 2573 1341 2634 'Colo-

216 2683 339 2739 nienses
358 2684 598 2752 composuerunt
619 2691 700 2744 eum,
722 2671 856 2730 dicentes
876 2693 974 2746 nunc,
995 2673 1078 2751 quod
1098 2675 1229 2734 Ioannes
1248 2675 1341 2734 Pfef-

216 2777 346 2836 ferkorn
367 2773 443 2831 fecit
461 2775 553 2830 talem
574 2771 698 2828 librum.
739 2771 830 2830 'Punc
850 2771 933 2830 dixi:
956 2771 1050 2849 ,quid
1072 2771 1172 2831 facitis
1190 2753 1262 2852 ergo
1283 2773 1341 2836 de.-

171 2865 174 2874 ’
217 2867 428 2952 supert'Non
448 2869 543 2927 vultis
562 2865 720 2927 uindicare
742 2869 819 2927 vos?
841 2871 1027 2949 Respondit:
1047 2869 1133 2928 nullo
1155 2871 1263 2946 modo,
1284 2873 1338 2932 sed

216 2972 284 3029 sum
305 2967 376 3026 satis
396 2965 586 3039 vindicatum
617 2983 672 3044 ego
693 2986 777 3026 nuuc
794 2987 859 3026 non
880 2987 954 3028 curo
977 2969 1107 3048 amplius
1127 2970 1214 3028 istam
1235 2970 1339 3032 stulti-

215 3070 312 3140 tium,
341 3064 461 3137 sedvix
480 3064 578 3122 habeo
598 3064 670 3122 satis
690 3066 793 3123 oculos
816 3067 854 3124 ed
874 3069 1059 3136 studendum
1080 3089 1132 3141 eo,
1169 3081 1339 3147 quaesunt

216 3167 296 3228 mihi
316 3164 415 3224 utilia.
453 3153 526 3222 Fuit
547 3170 649 3218 autem
669 3163 739 3220 telis
760 3163 948 3224 intitulatus:
975 3166 1227 3230 Defensiodenu.
1247 3168 1339 3228 Ptef-
1430 3185 1433 3192 ’

216 3267 346 3329 ferkorn
378 3273 484 3320 contra
514 3260 652 3320 famosas.
715 3261 810 3320 Aliud
829 3282 892 3321 non
911 3264 976 3322 scio
997 3264 1043 3324 do·
1056 3267 1191 3325 Doctore
1210 3267 1338 3326 Reueh-

215 3370 272 3429 liu.
312 3362 402 3424 Talia
421 3361 501 3420 dixit
519 3358 691 3438 praedictus
710 3361 902 3422 Beccslsrius
927 3361 969 3438 *).
1010 3365 1111 3442 Ergo,
1131 3367 1171 3424 D.
1190 3365 1336 3432 Ortuiue,

216 3463 352 3528 habeatis
370 3463 482 3522 bonam
503 3456 733 3516 confidentium:
778 3460 849 3538 quiu
868 3460 897 3518 si
911 3460 973 3520 ‘ille
991 3461 1083 3522 habet
1103 3465 1200 3525 malos
1220 3466 1336 3538 oculos,

113 3549 114 3554 ἵ
217 3563 300 3646 quod
321 3581 384 3621 nou
404 3568 505 3640 potest
524 3557 653 3636 amplius
666 3557 769 3636 legere
781 3569 834 3617 out
846 3559 979 3632 scribere
990 3581 1080 3622 suum
1093 3563 1248 3622 domnum.
1271 3565 1336 3624 Vos

216 3674 318 3724 sutem
334 3680 397 3720 non
411 3659 526 3718 debetis
541 3656 713 3733 quiescere,
732 3656 785 3717 sed
801 3658 917 3720 debetis
930 3669 1071 3720 recenter
1081 3641 1215 3724 scribere
1228 3671 1337 3722 centn

172 3758 176 3764 ’
217 3781 297 3822 eum.
338 3759 454 3818 Volete.
494 3757 610 3815 Datum
626 3754 743 3814 Ulmae,

213 3917 420 3941 W-

282 3983 370 4074 ttich
389 4003 463 4054 weiss
481 4000 571 4066 nicht,
596 4000 630 4051 ob
649 3998 695 4049 des
713 3997 853 4050 mehrmals
871 3968 1077 4054 vorkommende
1099 4003 1250 4055 Doculsrius
1265 4003 1336 4054 viel-

215 4092 300 4144 loicht
317 4090 377 4139 eine
397 4083 534 4137 Travc'stie
553 4101 602 4135 von
621 4083 803 4133 Baccoleur'ius
823 4101 886 4151 seyu
907 4087 967 4138 soll.
1014 4089 1067 4138 Des
1092 4089 1172 4139 lstzte
1191 4089 1246 4139 Mal
1261 4087 1335 4137 steht

215 4177 244 4228 in
262 4177 314 4227 den
332 4173 444 4223 dltesten
463 4169 603 4238 Ausgnbeu
621 4167 723 4224 &berall
740 4168 915 4220 Baeculorius.

669 4271 874 4288 -ιμ-ι-ι-ι-η-α
