2866 4724
387 336 662 400 OBSCUR.
703 337 929 402 V1u0n.
1154 336 1218 406 319

95 497 246 568 clament,
289 492 371 554 nihil
394 489 433 554 ad
452 514 545 554 nos..
578 492 613 554 Si
635 491 841 567 «tacuerimus,
881 494 1001 556 invidis
1025 497 1218 577 rumpentur.

35 648 39 657 .
93 601 218 657 Erasm.
273 595 395 664 Phaet,
416 594 499 673 quod
511 613 626 654 mones.
669 593 842 654 Redeamus
862 615 934 675 ergo
953 596 991 654 sd
1010 595 1139 675 pristina
1154 607 1218 656 stu·

92 696 159 767 dis,
191 713 294 772 neque
315 693 429 772 ineptis
459 693 635 772 cujusquam
653 695 845 776 sermonibus
865 694 904 754 eb
923 715 1016 776 opere
1034 695 1117 754 bono
1136 695 1219 757 desi-

91 804 214 853 stamus.
257 791 420 853 Auditores
441 791 567 852 interius
587 793 696 874 valete,

91 981 159 1036 Pro
177 997 262 1036 nuuc
282 976 431 1034 volumus·
441 977 477 1033 in
485 969 556 1050 'stne
575 977 747 1051 certificare
763 975 918 1036 studiosos
935 975 972 1034 de
986 987 1149 1036 commento
1163 996 1217 1062 sep

90 1078 212 1136 lectum
224 1076 357 1166 muitum
373 1074 466 1134 valde
480 1074 608 1148 subtili,
631 1077 697 1136 viri
712 1077 879 1152 essJ'usdam
893 1075 1080 1153 spectabilis,
1101 1079 1215 1156 Magi-

131 1179 195 1234 stri
215 1177 314 1234 nostri
336 1173 503 1248 scitante,
534 1177 570 1232 in
595 1175 808 1234 Universitote
829 1175 1051 1253 Erfurdiensi,
1082 1197 1177 1255 quom

309 1273 493 1350 compilavit
509 1293 602 1350 super
617 1272 674 1331 hoc
686 1277 845 1352 egregium
859 1295 936 1352 opus
950 1271 999 1352 *).

176 1386 481 1468 Illustrissignifieat
498 1387 603 1458 nobis,
625 1387 776 1468 gloriosus
793 1401 825 1450 et
841 1395 1020 1470 generosus,
1042 1400 1072 1452 et
1092 1391 1215 1469 dieitur,

88 1489 177 1573 quasi
197 1491 282 1548 intus
301 1487 415 1546 hebent
432 1488 543 1550 lucem.

174 1589 315 1649 Familia
335 1587 464 1669 proprie
491 1590 606 1651 dicitur
631 1589 685 1649 ills
711 1589 801 1649 turbs
820 1587 998 1657 hominum,
1020 1609 1097 1668 quse
1117 1588 1215 1649 estin

88 1691 183 1750 domo
203 1687 349 1767 alicujus,
384 1686 463 1748 sieut
483 1688 566 1749 servi
595 1698 626 1749 et
643 1689 788 1748 aneillse:
822 1697 853 1748 et
872 1687 959 1748 venit
978 1709 997 1748 a
1016 1687 1144 1750 nomine
1154 1689 1214 1768 fe-

89 1811 176 1864 usur,
196 1809 209 1847 s
243 1796 274 1846 nt
297 1783 384 1867 ponit
404 1787 619 1848 vocabularius
640 1787 769 1846 Gemma
790 1807 987 1866 pessimarum.

171 1881 251 1948 Ano
294 1907 331 1944 us
351 1884 464 1946 dicitur
484 1908 502 1946 a
521 1887 616 1946 verbo
638 1889 779 1958 alamno,
805 1907 858 1954 ns,
886 1907 958 1958 ore,
994 1887 1076 1964 quod
1095 1887 1214 1968 signifi-

88 2001 135 2047 cat
158 2006 282 2068 poscere
304 1995 335 2046 et
353 1984 491 2058 nutrire,
519 1995 551 2044 et
570 1983 644 2046 hine
664 1986 751 2048 venit
771 1985 927 2058 alumnus,
961 1986 1044 2064 quod
1064 1986 1215 2066 significet

89 2109 162 2146 eum
182 2085 237 2166 qui
258 2086 323 2158 alit,
344 2094 374 2144 et
396 2104 478 2154 enm,
501 2086 553 2163 qui
571 2085 680 2162 alitum
699 2085 733 2145 id
754 2094 814 2158 est,
835 2085 954 2164 passive
976 2095 1006 2144 et
1025 2085 1133 2146 active.
1173 2086 1214 2146 Et

87 2203 248 2267 possumus
269 2183 360 2243 etism
378 2183 481 2244 dicere
502 2184 701 2257 alumnissre,
722 2183 836 2256 idest,
857 2170 1019 2242 alumnum*
1032 2167 1144 2244 ssione.

171 2282 331 2363 Erfurdia
352 2294 396 2344 est
414 2303 477 2342 una
497 2283 632 2344 solennis
653 2283 760 2345 civitas
780 2283 814 2342 in
836 2281 1027 2361 Thuu'ngis,
1056 2294 1100 2347 ¹et
1119 2282 1213 2349 habet

87 2384 345 2457 Universitatsm,
383 2371 461 2462 qus'e
482 2401 552 2444 meo
573 2393 713 2464 tempore
738 2382 801 2442 fuit
820 2381 855 2440 in
874 2380 961 2440 flore.
1022 2381 1063 2442 Et
1082 2383 1213 2454 fuerunt

87 2486 185 2544 mults
204 2481 360 2562 supposita
379 2481 440 2556 ibi,
463 2491 494 2542 et
515 2482 606 2543 etiam
629 2482 798 2542 nobilistae.
836 2481 877 2540 Et
894 2480 1049 2560 Megistu',
1071 2481 1125 2561 qui
1140 2480 1212 2540 fue-

86 2593 161 2644 runt
179 2591 320 2662 regentes
347 2581 381 2642 in
403 2580 521 2655 bursis,
554 2603 618 2642 non
638 2583 844 2663 permiserunt
869 2580 971 2660 legere
990 2579 1025 2639 in
1047 2580 1152 2655 Poesi,
1180 2589 1212 2640 et

88 2683 153 2742 eliis
175 2679 360 2762 phantasiis:
381 2680 435 2742 sed
455 2681 583 2743 fuerunt
601 2681 761 2762 diligentes
782 2679 816 2738 in
836 2678 1010 2747 Aristotele,
1031 2691 1061 2740 et
1080 2680 1212 2742 fuerunt
1285 2673 1288 2677 ’
1358 2730 1361 2777 l

88 2779 230 2841 moderni
251 2788 282 2837 et
300 2780 415 2856 reales,
453 2789 483 2840 et
503 2780 660 2842 sciverunt
682 2779 807 2856 fortiter
826 2778 981 2860 disputare
1003 2789 1110 2848 contre
1129 2779 1212 2848 anti,-

86 2902 161 2961 quos
182 2887 214 2938 et
232 2876 379 2937 novisles.
411 2875 427 2897 ⁴
812 2960 813 2964 Ἰ
969 2893 975 2903 f

166 2978 301 3039 Basilea
328 2977 443 3038 dieitur
469 2997 488 3037 a
513 2978 696 3054 Basilisco„
719 2979 792 3060 quia
817 2979 894 3045 olim
919 2979 964 3039 ibi
984 2977 1046 3042 fuit
1065 2979 1210 3040 inventus

85 3079 259 3141 Basiliscus.
299 3077 360 3136 Vel
380 3098 399 3136 a
418 3078 531 3136 Busile
552 3079 684 3158 quodem
703 3079 805 3158 Rege,
825 3078 879 3159 qui
894 3079 1042 3160 percussit
1052 3079 1096 3137 ibi
1110 3099 1209 3139 unum

86 3179 257 3257 gigantem,
288 3175 349 3250 iu,
377 3176 460 3255 quod
480 3177 602 3257 rogavit
622 3197 695 3238 eum
714 3188 841 3258 propter
860 3180 985 3252 Deum,
1011 3177 1093 3257 quod
1114 3180 1210 3239 vellet

86 3295 221 3346 cessare,
257 3285 289 3333 et
308 3283 382 3334 tune
398 3275 453 3334 ills
473 3276 543 3337 Rex
563 3275 734 3340 aedificavit
754 3276 798 3338 ibi
827 3277 997 3339 civitatem:
1035 3288 1066 3335 et
1091 3275 1210 3354 dicunt,

85 3374 168 3452 quod
190 3372 246 3432 ille
265 3371 348 3452 gigas
368 3373 470 3436 adhue
488 3385 532 3436 est
550 3375 650 3457 pietus
666 3376 802 3436 Besileee
826 3376 860 3437 in
880 3396 944 3436 uns
962 3374 1060 3449 turri,
1081 3374 1120 3435 ad
1132 3394 1208 3455 per·

85 3481 209 3552 petuam
229 3471 419 3532 memoriam.
611 3549 615 3562 ι
1172 3533 1175 3536 .

164 3573 234 3634 Ars
251 3570 366 3631 dieitur
386 3592 405 3630 a
424 3571 543 3633 Graeco
565 3585 666 3644 artos,
686 3573 776 3633 idest
796 3573 901 3654 ponis,
924 3573 997 3653 quis
1017 3591 1133 3645 omnes,
1152 3571 1208 3652 qui

86 3669 188 3730 sciunt
209 3679 306 3730 artem
327 3669 480 3750 aliquem,
500 3682 628 3752 possunt
648 3671 807 3752 acquirere
827 3691 954 3752 panem,
977 3682 1007 3733 et
1030 3672 1154 3745 victum,
1176 3681 1209 3731 et

85 3769 247 3829 amictum.
288 3768 349 3829 Vel
369 3768 482 3830 dicitur
502 3772 541 3832 sb
562 3793 657 3841 areu,
685 3770 776 3849 qnia,
798 3770 876 3834 sicut
896 3771 931 3830 iu
951 3791 1025 3830 areu
1045 3789 1206 3850 possumus

85 3869 252 3929 vulnerare
270 3887 381 3948 corpus
401 3868 546 3948 alicujus,
567 3870 611 3930 sie
625 3869 715 3930 etiem
732 3889 790 3948 per
803 3879 898 3929 artem
914 3871 1102 3949 percutimus
1116 3889 1207 3950 menf
1311 3901 1319 3918 ·

85 3974 146 4026 tem
167 3965 313 4046 alicujus,
332 3966 562 4048 paralogisando
583 3989 673 4043 eum,
692 3967 858 4048 praecipue
877 3989 935 4050 per
953 3970 1109 4051 Logicam,
1144 3969 1207 4030 Vel
1297 4021 1300 4026 .

86 4063 199 4127 dieitur
220 4067 258 4127 ab
277 4077 356 4141 (ιη’,
376 4067 460 4147 quia,
480 4067 560 4129 sieut
578 4089 637 4130 arx
657 4076 702 4158 est
720 4066 755 4130 iis
775 4067 956 4146 altitudine,
976 4070 1021 4130 sio
1041 4068 1133 4132 etism
1155 4087 1205 4129 ers

86 4199 293 4220 m

150 4277 179 4342 a)
196 4275 332 4332 Ebsntalls
353 4278 396 4333 ein
413 4279 534 4352 spiterer
551 4283 655 4336 zusets.
691 4249 699 4266 κ
