2840 4718
262 961 318 1051 v.
374 886 1322 1066 aeorurnsonarsrfraortes

337 1271 360 1284 ”
431 1321 465 1396 1>
520 1315 572 1397 n
612 1275 650 1394 a¹
694 1321 900 1415 Qu1
946 1317 1172 1458 HL&
1236 1437 1238 1445 ἢ

772 1529 824 1574 DB

169 1673 603 1749 ,coltRUPuo
672 1675 900 1739 STATU
958 1672 1342 1742 secuntias

229 1989 335 2077 Dixit
363 2015 538 2078 Vadiscus:
601 2013 754 2095 Theologi
774 2015 985 2077 Romanenses
1016 2001 1174 2097 duplicem
1205 2008 1341 2074 ecclesiam

230 2115 431 2196 distinguunt.
453 2117 575 2176 ,Unum
596 2117 789 2196 generalem,
813 2116 904 2174 aliam
925 2115 1107 2196 specialem,
1141 2113 1177 2174 id
1198 2125 1241 2172 est
1259 2131 1343 2173 roma-

229 2233 319 2289 nam,
355 2236 434 2295 quae
455 2224 571 2274 constat
591 2235 631 2274 ex
651 2211 772 2274 furibus
793 2225 823 2274 et
838 2215 1025 2289 latronibus,
1048 2233 1088 2272 ex
1101 2213 1267 2273 simoniaco
1276 2213 1342 2272 Pou-

229 2313 330 2388 tilice,
342 2329 393 2372 'ex
413 2315 630 2396 impostoribus
652 2324 683 2374 et
701 2313 855 2394 sacrilegi-e
865 2353 874 2388 ,
908 2335 948 2372 ex
970 2313 1203 2373 fraudatoribus
1223 2322 1252 2372 et
1268 2319 1341 2370 uols-

229 2413 302 2486 riis,
325 2434 365 2472 ex
386 2414 596 2474 adulatoribus
618 2411 769 2494 episcopis
790 2412 912 2472 romani
932 2411 1106 2494 pontificis,
1128 2412 1254 2485 scribis,
1272 2419 1298 2468 et
1315 2407 1341 2466 id

166 2593 168 2600 y
229 2533 327 2596 genus
345 2512 567 2594 decepton'bus.
616 2513 707 2573 Dixit
728 2513 936 2592 Parquillus:
955 2510 1059 2572 Hodie
1079 2510 1242 2590 impletum
1262 2505 1341 2566 estin

230 2613 393 2695 praelatis,
438 2612 644 2672 sacerdotibus
669 2621 699 2671 et
717 2613 893 2686 monachis,
946 2611 1029 2690 quod
1041 2651 1042 2654 η
1055 2608 1178 2690 scripsit
1197 2603 1341 2668 Malachiae

229 2711 382 2792 prophete
402 2730 466 2790 cap.
495 2730 525 2771 2.
594 2709 716 2786 „Labia¹
744 2711 909 2770 sacerdotis
933 2701 1111 2770 custodiunt
1136 2706 1302 2778 scientiam,
1319 2713 1341 2762 et

229 2809 330 2889 legem
353 2811 513 2888 requirent
532 2829 572 2869 ex
593 2830 646 2868 ore
671 2808 754 2888 ejus,
787 2811 865 2890 quia.
880 2811 1006 2891 angelus
1028 2805 1147 2867 domini
1171 2803 1340 2864 exercituum

121 2931 125 2940 ·
231 2917 284 2967 est.
348 2908 412 2967 Vos
446 2919 548 2968 autem
583 2907 747 2968 recessistis
781 2907 820 2968 de
854 2908 925 2982 via,
973 2917 1004 2967 et
1033 2904 1255 2966 scandalisastis
1283 2902 1340 2982 plu-

229 3005 327 3064 rimos
357 3003 391 3063 in
420 3005 505 3086 lege,
549 3006 673 3067 irritum
705 3008 820 3068 fecistis
841 3017 965 3088 pactum
985 3005 1083 3080 Levi,
1127 3003 1203 3064 dicit
1222 3002 1340 3063 dominus

231 3101 450 3162 exercituum.“
495 3104 580 3182 Quid
610 3125 683 3186 ergo
710 3106 737 3165 si
759 3106 966 3187 despiciantur
986 3105 1049 3187 jam
1070 3101 1263 3166 sacerdotes?
1279 3119 1341 3181 pro-

230 3211 413 3262 meruerunt
434 3201 494 3260 hoc
514 3213 638 3284 peccata
658 3207 815 3284 ipsorum,
843 3207 920 3266 etsi
941 3205 1140 3286 dejiciantur,
1163 3212 1340 3263 contemnan-

229 3313 300 3374 tur,
333 3301 576 3380 depraedentur,
617 3303 713 3362 immo
736 3306 827 3365 etiam
846 3307 1024 3386 relegentur
1044 3305 1083 3369 ud
1103 3299 1222 3378 aratra,
1246 3301 1297 3362 boo
1312 3299 1340 3357 iu

231 3420 299 3461 rem
322 3399 461 3481 ipsorum
483 3412 545 3476 eat,
567 3413 603 3461 ut
624 3395 744 3464 animae
766 3408 995 3488 eorumsalvae
1015 3404 1122 3464 sintin
1141 3396 1341 3484 judiciaque

146 3579 147 3584 ἵ
230 3517 295 3558 non
317 3496 434 3578 judicat
455 3501 540 3561 Deus
561 3501 659 3562 bisin
680 3503 824 3586 idipsum,
870 3507 910 3566 Et
933 3504 1058 3566 domino
1079 3523 1203 3585 quoque
1224 3500 1341 3560 dicente:

231 3594 280 3672 „si
306 3599 374 3675 quis
394 3600 645 3662 scandalisaverit
665 3623 773 3662 unum*
790 3604 829 3663 de
847 3605 969 3686 pusillis
989 3605 1070 3678 istis,
1099 3600 1206 3684 quiin
1225 3617 1271 3658 nie
1288 3595 1341 3654 trt-

232 3696 330 3770 dunt,
359 3699 470 3758 melius
492 3711 550 3774 est,
589 3712 624 3760 ut
648 3703 852 3782 suspendatur
873 3705 956 3764 mole
978 3703 1110 3764 asinaria
1134 3702 1169 3762 iu
1195 3698 1269 3759 collo
1288 3693 1341 3772 ejus

233 3804 264 3854 et
286 3798 507 3880 praecipitetur
527 3799 562 3858 iu
592 3820 692 3876 mare,
748 3823 840 3882 quam
865 3803 1163 3864 scandalisetunum
1183 3791 1342 3878 deperibit

233 3892 331 3955 istis.“
372 3898 463 3958 Dixit
486 3897 584 3960 Vocis
631 3901 715 3962 Vere
734 3900 796 3982 jam
818 3901 852 3961 iu
872 3887 1001 3963 romano
1020 3900 1167 3982 pou'tifioe
1185 3911 1214 3958 et
1233 3890 1342 3955 caeteris

233 3989 389 4054 Ecclesiae
419 3999 564 4076 praelatis
584 4001 770 4080 completum
794 4010 852 4075 est,
898 4002 981 4082 quod
1003 4001 1082 4061 dixit
1102 3999 1204 4059 Esaias
1223 3992 1342 4078 prophe·

234 4099 280 4149 ta:
321 4097 513 4172 „Argentum
533 4105 623 4160 tuum
644 4119 767 4160 versum
783 4113 827 4160 est
841 4100 1035 4188 inpscoriam,
1057 4118 1207 4180 caupones
1225 4093 1270 4156 tui
1280 4089 1342 4152 mit·

235 4196 307 4247 cent
326 4190 402 4248 vino
424 4214 542 4274 aquam.
599 4197 759 4280 Principes
780 4202 826 4262 tui
846 4201 1021 4260 obedientes
1042 4197 1117 4259 socii
1138 4196 1256 4270 furum,
1287 4209 1342 4252 om·

236 4302 292 4349 nes
312 4285 446 4368 diligunt
465 4311 611 4372 munera,
633 4297 806 4377 sequuntur
826 4298 1060 4366 retributiones:
1079 4299 1202 4382 Pupillo
1221 4313 1282 4358 uon
1298 4289 1341 4369 ju·
