2896 4716
422 267 966 344 OBchfl.'vttt0n.
1153 277 1255 344 '215

125 434 231 510 fidius,
252 433 340 515 q‘no'd
361 433 557 497 est'forsitan
577 430 741 514 proprium
760 429 890 512 alicujus
909 427 1005 498 idoli:
1033 431 1176 518 sedipse
1191 437 1255 498 uti·

125 546 177 596 tur
203 534 261 594 illo
291 531 446 607 termino,
488 532 523 592 in
550 541 700 612 qnantum
726 545 772 596 est
790 529 983 601 adverbium.
1042 533 1082 596 Et
1102 535 1147 594 sie
1165 535 1255 616 ponit

125 636 276 707 Donatus,
299 632 408 711 quiest
427 630 635 706 authenticus,
657 641 687 693 et
705 633 821 714 legitur
840 632 875 694 in
894 629 1016 706 scholis,
1038 642 1070 693 et
1089 643 1134 693 est
1152 633 1254 695 dicere

125 731 377 805 mediusfidius,
409 731 526 804 idest,
562 741 648 819 certe
672 732 725 794 vel
750 731 882 794 seriose:
914 731 967 793 vel
994 731 1060 806 dic,
1101 743 1137 793 ut
1157 734 1253 813 prius,

125 831 207 910 quod
233 833 368 892 loannes
396 829 596 890 Plefferkorn
627 851 691 892 non
712 843 799 892 curet
822 827 1077 892 Grammaticam:
1120 834 1172 892 vel
1194 833 1254 908 dic,

124 929 207 1010 quod
225 930 346 992 medius
366 927 571 1005 fidiusidem,
594 931 678 1016 quod
696 951 755 1014 per
774 951 876 994 meam
902 928 1015 1006 fidem,
1051 939 1082 992 ct
1102 929 1145 992 sic
1159 929 1255 994 audi-
1327 981 1335 994 ,

123 1029 157 1090 ui
176 1029 215 1090 ab
237 1049 302 1090 uno
322 1031 426 1092 Poeta.

532 1217 656 1275 Tertius
670 1215 849 1279 Articulus.

203 1327 292 1390 Dicit
311 1327 540 1391 Reuohlinista:
572 1333 720 1412 Quisquis
740 1332 815 1396 dicit
836 1351 870 1396 se
891 1337 1061 1392 sustentare
1075 1331 1255 1408 Ecclesiam,

121 1436 166 1488 est
186 1427 377 1500 haereticus,
401 1431 455 1490 sed
475 1431 607 1492 Ioannes
626 1433 827 1498 Plefferkorn
848 1430 924 1491 dicit
950 1449 983 1489 se
1005 1439 1175 1493 sustentare
1196 1436 1258 1494 Ec·
1330 1487 1333 1492 .

121 1526 268 1601 alesiam,
290 1549 360 1608 ergo
383 1538 428 1590 est
446 1528 627 1595 haereticus.
688 1531 841 1610 Majarem
855 1529 971 1612 probo,
1002 1529 1084 1609 quia,
1104 1532 1160 1610 qni
1181 1532 1257 1593 dicit

120 1647 155 1686 se
176 1637 346 1689 sustentare
364 1626 551 1703 Ecclesiam,
590 1630 776 1711 praesumit,
810 1630 893 1712 quod
914 1638 978 1690 tota
997 1629 1134 1692 Ecclesia
1154 1641 1199 1695 cst
1221 1632 1255 1691 in

123 1745 254 1800 emere,
275 1739 319 1802 et,
338 1726 396 1786 nisi
417 1728 484 1808 ipse
505 1733 687 1790 sustentaret
714 1749 800 1804 eam,
836 1729 959 1790 caderet
985 1737 1016 1788 et
1037 1728 1255 1796 destrueretur.

120 1823 229 1884 Etiam
251 1825 318 1884 talis
334 1827 493 1898 videretur
523 1850 588 1894 esse
608 1829 781 1910 Antipapa‚
812 1827 926 1902 idest,
957 1826 1068 1888 volens
1089 1849 1152 1889 esse
1172 1831 1256 1911 Papa

123 1933 233 1983 contra
253 1924 342 1988 illum
362 1926 496 2008 Papam,
533 1948 625 2009 quem
653 1927 746 2009 elegit
767 1926 940 1988 communis
961 1927 1107 1988 Ecclesia.
1171 1929 1256 2007 Quia

122 2032 292 2086 sustentare
308 2026 479 2086 Ecclesiam
500 2038 545 2088 est
565 2029 698 2089 officium
722 2028 833 2108 Papae.
899 2026 961 2086 Sed
974 2025 1181 2090 'Pfefferkorn
1204 2048 1255 2087 ar-

121 2135 209 2201 rogat
228 2124 287 2184 sibi
307 2124 368 2184 hoc
390 2125 540 2201 officium,
569 2147 642 2206 ergo
662 2135 708 2186 est
728 2124 897 2206 Antipapa,
935 2132 966 2184 et
988 2123 1178 2199 haereh'cus,
1203 2125 1255 2185 in-

121 2239 221 2283 nuens
241 2224 356 2304 Papam
370 2219 491 2300 errare,
511 2236 542 2285 et
561 2247 625 2286 non
646 2247 711 2288 esse
731 2225 848 2286 bonum
868 2225 1037 2290 Pastorem.
1078 2222 1186 2282 Minor
1198 2245 1256 2303 pa·

121 2332 164 2382 tet
186 2343 227 2382 cx
246 2323 350 2384 verbis
369 2323 495 2386 loannis
514 2325 731 2400 Plelierkorn‚
771 2322 828 2404 qui
855 2321 962 2382 scribit
978 2321 1012 2380 in
1034 2321 1142 2380 eodem
1161 2321 1252 2395 libro,

120 2423 162 2478 Se
185 2441 252 2480 esse
272 2420 391 2484 humile
412 2423 568 2508 Ecclesiae
597 2425 781 2486 membrum.
842 2420 905 2480 Sed
932 2419 1053 2492 humile
1079 2421 1254 2481 membrum
1287 2479 1293 2494 ,

117 2519 157 2578 in
180 2529 313 2606 corpore
333 2532 377 2586 est
397 2543 469 2604 pes,
491 2524 565 2607 quia
583 2523 677 2604 pedes
697 2517 896 2593 stanthut'ni,
917 2519 940 2581 i.
957 2539 983 2578 e.
1005 2519 1040 2580 in
1060 2527 1152 2580 terra.
1192 2521 1254 2580 Pe-

117 2618 176 2678 des
197 2629 300 2681 autem
320 2630 489 2684 sustentant
508 2642 646 2702 corpus,
684 2631 716 2682 et
742 2619 853 2684 amotis
877 2618 1010 2700 pedibus
1031 2619 1112 2680 cadit
1132 2638 1252 2698 corpus.

117 2719 203 2799 Ergo
226 2718 426 2796 Pfefferkorn
447 2723 632 2802 praesumit,
668 2722 752 2805 qnod
771 2719 909 2782 Ecclesia
927 2729 986 2778 stat
1006 2720 1041 2778 in
1060 2739 1109 2793 se,
1136 2728 1168 2778 at
1186 2717 1253 2798 ipse

118 2828 269 2884 sustentat
282 2819 461 2886 Ecclesiam,
508 2822 712 2903 Respondes,
748 2819 832 2900 quod
852 2817 1053 2886 Pfcfferkorn
1074 2837 1139 2882 nou
1158 2813 1254 2878 sumit
1320 2863 1321 2868 η

118 2917 268 2980 terminos
289 2918 333 2978 sie
353 2921 474 2996 stricte,
501 2932 532 2981 et
550 2931 644 3004 prout
662 2921 697 2982 in
716 2941 772 2982 sua
793 2917 896 3004 prima
915 2917 1113 3000 impositione
1132 2915 1253 2998 signifi·

119 3029 199 3078 cant.
238 3019 299 3078 Sed
315 3019 391 3084 dicit
404 3041 437 3080 se
456 3023 647 3098 membrum,
666 3020 687 3080 i.
703 3042 729 3082 e.
741 3029 859 3102 partem
878 3019 1055 3095 Ecclesiae,
1079 3019 1164 3096 ‚sient
1184 3037 1254 3078 om-

117 3117 170 3176 nis
197 3117 292 3176 homo
325 3118 519 3182 Christianus
547 3121 662 3182 dicitur
688 3140 753 3182 csse
778 3139 850 3200 pars
876 3118 1046 3194 Ecclesiae,
1080 3117 1133 3179 vel
1159 3118 1252 3177 etiam

118 3217 294 3281 membrum
314 3217 402 3299 largo
423 3219 516 3280 modo
536 3220 652 3286 utendo
672 3218 832 3284 terminis:
852 3227 882 3278 et
905 3217 1039 3280 sumitur
1058 3215 1104 3275 ibi
1122 3213 1252 3277 humilis

117 3336 177 3396 pro
200 3315 311 3376 devoto
335 3327 365 3376 et
385 3317 537 3403 simplici,
557 3320 637 3382 sicut
658 3320 751 3379 etiam
768 3319 804 3378 in
818 3316 956 3396 Epistola
980 3315 1019 3374 ad
1039 3315 1154 3394 Papam
1167 3312 1251 3374 idem
1365 3307 1366 3316 ¹

118 3417 252 3474 Ioannes
269 3415 470 3478 Pfefferkara
488 3420 578 3481 dicit:
602 3421 788 3500 Quanquam
803 3415 933 3474 minime
952 3413 1063 3495 dignu.⁸
1085 3431 1173 3486 sums
1216 3421 1252 3472 Ut
1305 3440 1307 3448 ·

118 3515 172 3575 vel
190 3515 231 3574 ad
250 3515 467 3578 sacratissimos
485 3519 579 3600 pedes
598 3529 668 3582 tuos
681 3528 737 3578 eto.
798 3516 883 3594 Ergo
903 3533 970 3584 nou
999 3511 1089 3578 dehet
1107 3509 1249 3592 intelligi,
1291 3569 1294 3582 ..

118 3613 205 3698 quod
224 3615 425 3681 Pleffcrkorn
445 3619 586 3704 loquitur
606 3627 713 3681 contra
731 3618 857 3697 Papam.

418 3811 431 3851 λ
519 3803 659 3884 Quartus
679 3801 858 3868 Articulum

203 3916 290 3978 Dicit
311 3917 540 3982 Reuchlinista:
560 3920 761 3989 Pfefferkoru
781 3923 880 4009 tenep,
909 3911 992 3994 quod
1012 3909 1088 3972 fides
1109 3905 1251 3972 christia·
1293 4003 1295 4012 Ι

118 4034 162 4080 na
182 4027 228 4076 est
249 4017 345 4092 falsa,
364 4028 396 4082 et
415 4019 476 4080 hoc
494 4022 622 4082 suismet
641 4019 745 4086 verbis
763 4019 903 4081 affirmat·
952 4011 1009 4070 35⁰1
1022 4009 1114 4070 ellam
1135 4009 1250 4082 Scribit,

119 4133 155 4172 se
166 4113 283 4178 dixisse
302 4118 342 4178 sd
356 4120 627 4201 Moguntiaeusem
645 4109 833 4206 Episcopum
846 4116 880 4176 in
901 4113 983 4176 libro
1001 4108 1155 4192 praefato,
1177 4111 1217 4168 D.
1231 4107 1250 4167 i.

120 4213 156 4274 Si
177 4213 254 4278 tides
276 4217 443 4284 christiana
468 4233 513 4322 cst
540 4243 631 4298 vera,
668 4219 825 4302 Reuchliu
853 4215 970 4284 nullam
992 4207 1153 4296 perfidiam
1174 4207 1251 4274 milti
