2872 4722
228 349 296 424 ,126
584 338 992 410 'EPISTOLAE

336 511 384 568 M.
407 507 588 568 Ttlmannas
608 506 763 583 ermplin
779 506 811 566 S.
836 507 880 566 D.
903 507 952 565 ·M.
975 505 1108 565 Ortuino
1131 505 1249 571 Gratia.
1329 563 1335 596 Ι

318 601 519 684 stultissimus
543 625 612 663 sum
638 605 793 676 virorum,
832 616 864 664 et
887 605 1036 685 sapientia
1060 623 1123 664 non
1151 612 1196 664 est
1214 621 1351 662 mecum:

233 715 297 768 nob
317 703 411 764 didici
431 695 628 784 sapientiam,
649 715 679 762 et
697 711 762 762 n'on
775 687 850 764 novi
863 703 1043 784 sapientiam
1059 712 1241 763 narratorum.
1260 703 1352 760 Pron

235 807 284 865 50.
323 801 406 880 Ergo
428 822 491 861 non
511 794 626 860 debetis
643 821 693 862 me
705 811 860 882 spernere,
882 802 964 882 quod
982 801 1149 882 praetendo
1169 799 1258 861 vobis
1280 800 1353 859 dare

197 897 199 904 ’
235 903 395 963 consilium
417 901 450 959 in
475 891 710 962 factis'restris:
752 899 824 980 quia
844 921 901 981 ego
922 901 1004 960 facio
1024 901 1097 959 talia
1118 920 1157 960 ex
1183 897 1354 958 benoani-

230 1011 301 1076 mo,
323 1010 353 1059 et
372 999 445 1060 volo
466 997 601 1058 caricare
621 1015 676 1059 vos
696 999 969 1078 secundumquod
986 1018 1041 1080 ego
1062 997 1220 1077 intelligo,
1243 1007 1354 1058 etmo-

234 1103 336 1160 dioum
357 1098 429 1158 volo
452 1097 606 1176 corrigere
627 1096 950 1178 vos‚gquiavexati0
980 1097 1031 1156 dat
1051 1096 1251 1172 intellectum.
1317 1095 1354 1154 Et

233 1199 380 1279 scriptum
402 1189 499 1256 estin
518 1195 678 1254 Eccles.·c.
701 1195 747 1255 13.
797 1194 891 1273 „Qui
910 1195 1044 1278 tetigerit
1063 1195 1184 1276 picem,
1209 1192 1354 1274 inquina·
1420 1194 1421 1266 l

232 1300 317 1358 bitur
337 1296 374 1354 ab
395 1297 460 1353 ca.“
502 1295 553 1352 Sic
574 1293 664 1352 etiam
687 1292 723 1353 fit
747 1293 866 1367 vobis,
893 1295 966 1372 quia
986 1294 1080 1356 vultis
1107 1292 1239 1365 habere,
1271 1291 1355 1370 quod
1420 1317 1421 1324 ¹

126 1471 130 1479 1
233 1385 302 1456 suris
331 1393 460 1452 amicus·
475 1401 592 1453 vester:
633 1401 797 1472 propterea
825 1401 943 1472 oportet
976 1394 1067 1453 etiam
1094 1411 1152 1472 pro
1171 1391 1254 1450 bono
1275 1391 1354 1449 acci-

233 1513 308 1575 pere
327 1491 505 1552 vexationes
532 1511 550 1550 a
575 1510 632 1549 me.
692 1492 759 1570 Ego
779 1491 979 1582 percepi'seu
998 1489 1159 1564 intellexi,
1195 1487 1281 1568 quod
1301 1508 1354 1548 vos

233 1591 338 1652 tacetis
363 1590 409 1648 in*
428 1609 517 1648 causa
547 1590 632 1649 loen.
653 1589 825 1663 Reuchlin,
848 1599 878 1650 et
898 1611 962 1649 non
988 1587 1178 1671 respondetis
1199 1587 1229 1645 ei
1250 1596 1355 1646 contra
1421 1578 1422 1652 l

234 1711 302 1750 snas
322 1687 607 1761 scandalizationes‚
646 1697 677 1748 et
697 1688 793 1748 iratus
813 1709 882 1748 sum
901 1689 1007 1762 valde,
1039 1688 1112 1768 quia
1133 1706 1202 1747 amo
1222 1707 1297 1760 vos,
1327 1698 1355 1747 et

233 1785 463 1868 scriptum'est:
482 1807 483 1814 ¹
505 1786 608 1862 Quem
629 1785 741 1866 diligo,
762 1787 890 1866 corrigo.
932 1785 1009 1848 Nam
1032 1807 1126 1866 quare
1146 1784 1306 1865 incepistis
1327 1785 1355 1842 ei

233 1881 435 1968 respondere,
454 1882 561 1942 sinon
583 1885 677 1945 vultis
698 1885 900 1946 continuare?
930 1888 980 1946 An
1003 1906 1066 1947 non
1089 1885 1160 1946 estis
1180 1882 1355 1943 sufficiens?

235 1989 298 2048 Vos
319 1977 399 2058 estis,
415 2001 473 2063 per
485 1982 584 2042 Deos!
605 1992 635 2043 et
653 1983 831 2063 praesertim
853 1983 888 2044 in
909 1985 1267 2067 FacultateTheologica
1289 1983 1356 2045 estis

233 2085 361 2147 melior:
403 2092 435 2142 et
455 2099 527 2158 ergo
547 2082 663 2141 debetis
693 2082 723 2140 ei
750 2082 955 2162 respondere,
990 2093 1029 2144 et·
1051 2082 1218 2144 defendere
1241 2083 1355 2144 fumans

233 2195 365 2248 vestram
373 2195 389 2250 ‚'
405 2190 436 2240 ct
454 2179 630 2259 praedicare
649 2178 742 2240 fidem
763 2177 988 2257 Christianam,
1010 2192 1117 2242 contra
1138 2203 1230 2264 quam
1250 2183 1357 2243 scribit

198 2283 200 2291 ’
234 2285 290 2344 ille
310 2280 489 2341 haereticus.
552 2281 593 2340 Et
612 2300 676 2340 non
695 2281 810 2348 debetis
831 2280 965 2361 aliquem
986 2280 1154 2360 respicere,
1188 2281 1269 2361 quia
1283 2281 1357 2342 dicit

235 2383 381 2442 Salomon
400 2379 433 2438 in
447 2378 561 2437 Eccles.
582 2378 629 2439 ιδ.
648 2401 662 2438 Α
692 2367 794 2453 „Noli
823 2400 886 2439 esse
913 2379 1042 2440 humilis
1071 2381 1105 2440 in
1126 2379 1299 2460 sapientia,
1319 2399 1357 2439 ne
1423 2389 1424 2446 Ϊ

233 2471 414 2542 humiliatus
435 2476 468 2537 in
489 2477 648 2537 stultitiam
669 2478 852 2538 seducaris.“
904 2479 1014 2559 Neque
1034 2479 1149 2540 debetis
1168 2479 1280 2538 timere
1302 2499 1357 2558 po-

233 2578 362 2640 tentiam
394 2575 592 2650 lanistarum,
633 2578 716 2656 quod
745 2577 861 2637 faciant
888 2577 976 2638 vobis
1006 2578 1178 2657 periculum
1207 2577 1357 2656 corporis,

235 2676 308 2758 quia
329 2673 443 2734 debetis
462 2675 537 2734 talia
555 2675 619 2755 pati
639 2695 695 2755 pro
716 2675 778 2735 fide
797 2687 827 2737 et
847 2677 987 2739 veritate.
1039 2677 1128 2739 Unde
1151 2674 1295 2734 Christus
1312 2675 1358 2734 di-

235 2773 277 2834 cit
289 2774 330 2854 ,in
349 2772 646 2852 Evangelio·Matth.
665 2774 711 2834 16.
737 2776 846 2853 ··„Qui
865 2776 1000 2837 voluerit
1026 2777 1159 2835 animam
1187 2762 1277 2832 suam
1300 2773 1358 2833 sal-

233 2891 304 2936 vam
326 2872 446 2944 facere,
484 2870 592 2951 perdet
615 2875 714 2933 eam.“
755 2875 795 2936 Et
815 2874 841 2934 si
868 2874 998 2948 timetis,
1015 2874 1112 2954 'quod
1137 2872 1357 2951 nonpotestis

236 2991 307 3030 eum
329 2971 472 3042 vincere,
491 2979 565 3030 tunc
585 2992 650 3031 non
671 2973 794 3032 creditis
814 2973 1001 3054 Evangelio,
1029 2959 1102 3053 quia
1119 2972 1245 3032 istaest
1266 2991 1358 3031 causa

233 3069 316 3128 fiacr.
356 3070 395 3128 at
415 3051 562 3148 icripmm
583 3081 627 3131 est
647 3071 681 3131 in
701 3072 886 3149 Evangelio,
908 3072 991 3151 quos
1011 3071 1093 3132 niun
1109 3081 1153 3131 est
1167 3070 1358 3150 imposueris

234 3168 371 3235 homini,
398 3159 458 3245 ''qtu
470 3167 590 3242 ¹credit,
626 3170 698 3250 qnia
718 3173 847 3252 ponitur
866 3171 976 3232 Mattb.
995 3173 1041 3232 18.
1102 3171 1166 3244 „Si
1186 3167 1359 3228 habueritis

233 3267 344 3339 fidem,
375 3266 454 3325 sicut
474 3286 603 3345 granum
623 3270 760 3349 sinapis,
796 3271 902 3330 dicetis
924 3268 1022 3329 monti
1042 3267 1132 3342 huic,
1153 3268 1251 3330 transi
1270 3267 1356 3338 binc,

161 3435 163 3444 Ι
234 3375 265 3425 et
284 3364 441 3437 transibit,
463 3377 493 3422 et
514 3365 596 3427 nihil
617 3370 676 3428 erit
695 3369 885 3447 impossibile
905 3369 1036 3452 robis‘(
1064 3367 1126 3426 Sed
1147 3387 1211 3426 non
1226 3375 1270 3425 est
1284 3385 1357 3444 pos-

234 3463 339 3537 sibile,
362 3462 444 3541 quod
464 3463 582 3523 Doctor
600 3466 754 3526 Reucblin
775 3477 874 3545 potest
894 3486 1005 3527 verum
1031 3466 1183 3540 scribere,
1215 3465 1269 3545 qui
1291 3483 1356 3522 non

234 3563 326 3650 babet
346 3561 439 3620 fidem
460 3561 599 3642 integre,
628 3565 701 3643 qaia
730 3564 869 3625 defendit
895 3566 1041 3645 ludaeos,
1079 3553 1134 3646 qui
1162 3561 1357 3625 sunt·.lrostes

234 3644 327 3734 fidei,
355 3669 385 3720 et
407 3670 451 3720 cst
471 3671 577 3720 contra
595 3662 755 3740 opiniones
775 3665 963 3739 Doctorum,
994 3675 1116 3724 etcum
1136 3663 1197 3724 hoc
1219 3675 1263 3726 est
1282 3680 1356 3742 pec·

189 3768 193 3776 '
233 3769 335 3832 cator,
369 3757 450 3818 sicut
468 3759 574 3819 scribit
594 3760 740 3839 Magister
758 3763 890 3822 Ioannes
904 3764 1109 3825 Plcffcrkorn
1129 3762 1164 3821 in
1185 3782 1240 3822 suo
1263 3761 1354 3833 libro,

143 3899 146 3904 ·
235 3849 289 3938 qui
310 3853 424 3917 dicitnr
442 3859 689 3938 ‚,Stnrmglock.“
752 3861 812 3920 Sed
832 3873 1006 3942 peccatores
1025 3883 1089 3922 non
1105 3862 1216 3921 debent
1237 3858 1356 3939 aliquid

233 3956 347 4016 habere
358 3959 450 4036 'agere
463 3947 498 4015 Ι
513 3957 671 4037 Scriptura
683 3962 790 4034 Sacra,
812 3961 895 4040 quia·
905 3962 1050 4022 scribitur
1060 3962 1171 4020 Psalm.
1185 3961 1235 4039 49.
1256 3960 1355 4032 „Pec-

234 4065 319 4114 cator
332 4048 464 4134 amem,
490 4054 570 4114 dixit
589 4057 691 4133 Deua,
710 4087 716 4108 ι·
731 4081 824 4140 qnare
844 4071 880 4120 tu
902 4079 1031 4121 enarras.
1044 4058 1172 4139 justitias
1193 4057 1290 4131 meai,
1324 4064 1357 4113 et

194 4157 200 4166 '
234 4153 360 4213 assumis
389 4159 604 4214 testamentum
632 4175 735 4217 meum
757 4179 813 4239 per
836 4179 869 4218 os
898 4159 1036 4219 tuuml“
1080 4155 1355 4236 Quapropterego

233 4249 343 4312 hortor
358 4269 430 4324 vos,
458 4259 490 4310 et
509 4270 583 4333 rogo
604 4258 810 4336 pectoraliter,
840 4263 991 4340 quatenus
1011 4255 1112 4318 velitis
1132 4254 1276 4317 audacter
1298 4252 1356 4313 de·
