<?xml version="1.0" encoding="UTF-8"?>
<!DOCTYPE html PUBLIC "-//W3C//DTD XHTML 1.0 Transitional//EN"
    "http://www.w3.org/TR/xhtml1/DTD/xhtml1-transitional.dtd">
<html xmlns="http://www.w3.org/1999/xhtml" xml:lang="en" lang="en">
 <head>
  <title>
</title>
<meta http-equiv="Content-Type" content="text/html;charset=utf-8" />
  <meta name='ocr-system' content='tesseract 3.04.00' />
  <meta name='ocr-capabilities' content='ocr_page ocr_carea ocr_par ocr_line ocrx_word'/>
</head>
<body>
  <div class='ocr_page' id='page_1' title='image "./ulrichiabhutten04mngoog_0421.png"; bbox 0 0 2840 4718; ppageno 0'>
   <div class='ocr_carea' id='block_1_1' title="bbox 223 286 1236 386">
    <p class='ocr_par' dir='ltr' id='par_1_1' title="bbox 223 286 1236 386">
     <span class='ocr_line' id='line_1_1' title="bbox 223 286 1236 386; baseline 0.006 -6"><span class='ocrx_word' id='word_1_1' title='bbox 223 316 283 380; x_wconf 84' lang='lat' dir='ltr'><strong>us</strong></span> <span class='ocrx_word' id='word_1_2' title='bbox 301 295 533 381; x_wconf 82' lang='lat' dir='ltr'><strong>itacisrms</strong></span> <span class='ocrx_word' id='word_1_3' title='bbox 554 311 735 380; x_wconf 76' lang='lat' dir='ltr'><strong>uosrms</strong></span> <span class='ocrx_word' id='word_1_4' title='bbox 751 313 1104 384; x_wconf 75' lang='lat' dir='ltr'><strong>novariensium.</strong></span> <span class='ocrx_word' id='word_1_5' title='bbox 1165 286 1236 386; x_wconf 78' lang='lat' dir='ltr'><strong>¹stt·</strong></span> 
     </span>
    </p>
   </div>
   <div class='ocr_carea' id='block_1_2' title="bbox 93 457 1238 1253">
    <p class='ocr_par' dir='ltr' id='par_1_2' title="bbox 93 457 1238 1253">
     <span class='ocr_line' id='line_1_2' title="bbox 99 457 1232 557; baseline 0.006 -22"><span class='ocrx_word' id='word_1_6' title='bbox 99 471 176 536; x_wconf 92' lang='lat' dir='ltr'><strong>tima</strong></span> <span class='ocrx_word' id='word_1_7' title='bbox 197 495 370 557; x_wconf 73' lang='lat' dir='ltr'><strong>quaeque,</strong></span> <span class='ocrx_word' id='word_1_8' title='bbox 387 493 457 536; x_wconf 92' lang='lat' dir='ltr'><strong>cum</strong></span> <span class='ocrx_word' id='word_1_9' title='bbox 487 483 533 536; x_wconf 91' lang='lat' dir='ltr'><strong>est</strong></span> <span class='ocrx_word' id='word_1_10' title='bbox 558 457 668 556; x_wconf 63' lang='lat' dir='ltr'><strong>opust·</strong></span> <span class='ocrx_word' id='word_1_11' title='bbox 706 473 930 537; x_wconf 80' lang='lat' dir='ltr'><strong>dcdomninm</strong></span> <span class='ocrx_word' id='word_1_12' title='bbox 950 474 1168 540; x_wconf 85' lang='lat' dir='ltr'><strong>stolidissimus</strong></span> <span class='ocrx_word' id='word_1_13' title='bbox 1184 487 1232 542; x_wconf 81' lang='lat' dir='ltr'><strong>eat</strong></span> 
     </span>
     <span class='ocr_line' id='line_1_3' title="bbox 97 573 1231 660; baseline 0.002 -24"><span class='ocrx_word' id='word_1_14' title='bbox 97 595 134 636; x_wconf 89' lang='lat' dir='ltr'><strong>ao</strong></span> <span class='ocrx_word' id='word_1_15' title='bbox 153 577 292 636; x_wconf 79' lang='lat' dir='ltr'><strong>maxime</strong></span> <span class='ocrx_word' id='word_1_16' title='bbox 310 575 478 657; x_wconf 78' lang='lat' dir='ltr'><strong>perfrictae</strong></span> <span class='ocrx_word' id='word_1_17' title='bbox 498 575 613 636; x_wconf 86' lang='lat' dir='ltr'><strong>frontis</strong></span> <span class='ocrx_word' id='word_1_18' title='bbox 631 573 778 636; x_wconf 83' lang='lat' dir='ltr'><strong>Nicoleus</strong></span> <span class='ocrx_word' id='word_1_19' title='bbox 791 576 1014 638; x_wconf 84' lang='lat' dir='ltr'><strong>Edmundanas</strong></span> <span class='ocrx_word' id='word_1_20' title='bbox 1032 577 1153 660; x_wconf 83' lang='lat' dir='ltr'><strong>dlgaua,</strong></span> <span class='ocrx_word' id='word_1_21' title='bbox 1174 575 1231 659; x_wconf 85' lang='lat' dir='ltr'><strong>qui</strong></span> 
     </span>
     <span class='ocr_line' id='line_1_4' title="bbox 98 673 1230 758; baseline 0.004 -25"><span class='ocrx_word' id='word_1_22' title='bbox 98 675 137 735; x_wconf 94' lang='lat' dir='ltr'><strong>ob</strong></span> <span class='ocrx_word' id='word_1_23' title='bbox 160 674 315 755; x_wconf 77' lang='lat' dir='ltr'>insignem</span> <span class='ocrx_word' id='word_1_24' title='bbox 336 675 534 738; x_wconf 74' lang='lat' dir='ltr'><strong>stoliditatem</strong></span> <span class='ocrx_word' id='word_1_25' title='bbox 555 673 697 736; x_wconf 86' lang='lat' dir='ltr'><strong>camelita</strong></span> <span class='ocrx_word' id='word_1_26' title='bbox 716 687 863 742; x_wconf 61' lang='lat' dir='ltr'><strong>vocetur,</strong></span> <span class='ocrx_word' id='word_1_27' title='bbox 912 677 1006 738; x_wconf 83' lang='lat' dir='ltr'><strong>Hunc</strong></span> <span class='ocrx_word' id='word_1_28' title='bbox 1030 677 1097 758; x_wconf 86' lang='lat' dir='ltr'><strong>ipsa</strong></span> <span class='ocrx_word' id='word_1_29' title='bbox 1117 686 1230 738; x_wconf 86' lang='lat' dir='ltr'><strong>natura</strong></span> 
     </span>
     <span class='ocr_line' id='line_1_5' title="bbox 96 773 1229 856; baseline 0.005 -24"><span class='ocrx_word' id='word_1_30' title='bbox 96 774 191 856; x_wconf 88' lang='lat' dir='ltr'><strong>plane</strong></span> <span class='ocrx_word' id='word_1_31' title='bbox 213 785 362 856; x_wconf 77' lang='lat' dir='ltr'><strong>genuerat</strong></span> <span class='ocrx_word' id='word_1_32' title='bbox 382 773 421 834; x_wconf 87' lang='lat' dir='ltr'><strong>ud</strong></span> <span class='ocrx_word' id='word_1_33' title='bbox 442 773 660 836; x_wconf 83' lang='lat' dir='ltr'><strong>monachatum</strong></span> <span class='ocrx_word' id='word_1_34' title='bbox 680 775 747 835; x_wconf 87' lang='lat' dir='ltr'><strong>sive</strong></span> <span class='ocrx_word' id='word_1_35' title='bbox 768 773 994 837; x_wconf 82' lang='lat' dir='ltr'><strong>fratralitatem.</strong></span> <span class='ocrx_word' id='word_1_36' title='bbox 1034 775 1124 852; x_wconf 78' lang='lat' dir='ltr'><strong>Nihil</strong></span> <span class='ocrx_word' id='word_1_37' title='bbox 1143 775 1229 838; x_wconf 83' lang='lat' dir='ltr'><strong>enim</strong></span> 
     </span>
     <span class='ocr_line' id='line_1_6' title="bbox 96 873 1238 956; baseline -0.004 -22"><span class='ocrx_word' id='word_1_38' title='bbox 96 873 193 934; x_wconf 86' lang='lat' dir='ltr'><strong>habet</strong></span> <span class='ocrx_word' id='word_1_39' title='bbox 213 873 347 950; x_wconf 86' lang='lat' dir='ltr'><strong>frontis,</strong></span> <span class='ocrx_word' id='word_1_40' title='bbox 369 874 471 936; x_wconf 87' lang='lat' dir='ltr'><strong>minus</strong></span> <span class='ocrx_word' id='word_1_41' title='bbox 491 874 622 950; x_wconf 74' lang='lat' dir='ltr'><strong>merids,</strong></span> <span class='ocrx_word' id='word_1_42' title='bbox 654 873 780 952; x_wconf 82' lang='lat' dir='ltr'><strong>linguae</strong></span> <span class='ocrx_word' id='word_1_43' title='bbox 802 883 834 935; x_wconf 91' lang='lat' dir='ltr'><strong>et</strong></span> <span class='ocrx_word' id='word_1_44' title='bbox 852 874 1029 956; x_wconf 82' lang='lat' dir='ltr'><strong>loquantiae</strong></span> <span class='ocrx_word' id='word_1_45' title='bbox 1047 874 1238 955; x_wconf 80' lang='lat' dir='ltr'><strong>plurimum,</strong></span> 
     </span>
     <span class='ocr_line' id='line_1_7' title="bbox 97 961 1230 1054; baseline 0.002 -20"><span class='ocrx_word' id='word_1_46' title='bbox 97 973 296 1054; x_wconf 69' lang='lat' dir='ltr'><strong>eloquentiae</strong></span> <span class='ocrx_word' id='word_1_47' title='bbox 316 973 398 1035; x_wconf 87' lang='lat' dir='ltr'>nihil</span> <span class='ocrx_word' id='word_1_48' title='bbox 419 975 563 1050; x_wconf 87' lang='lat' dir='ltr'><strong>omnino,</strong></span> <span class='ocrx_word' id='word_1_49' title='bbox 608 983 640 1034; x_wconf 88' lang='lat' dir='ltr'><strong>et</strong></span> <span class='ocrx_word' id='word_1_50' title='bbox 668 993 740 1036; x_wconf 85' lang='lat' dir='ltr'><strong>cum</strong></span> <span class='ocrx_word' id='word_1_51' title='bbox 756 961 1077 1035; x_wconf 62' lang='lat' dir='ltr'><strong>&#39;omnia‘stultissime</strong></span> <span class='ocrx_word' id='word_1_52' title='bbox 1096 985 1127 1036; x_wconf 90' lang='lat' dir='ltr'><strong>et</strong></span> <span class='ocrx_word' id='word_1_53' title='bbox 1148 974 1230 1036; x_wconf 86' lang='lat' dir='ltr'><strong>dicat</strong></span> 
     </span>
     <span class='ocr_line' id='line_1_8' title="bbox 96 1067 1231 1156; baseline 0.004 -24"><span class='ocrx_word' id='word_1_54' title='bbox 96 1082 129 1134; x_wconf 89' lang='lat' dir='ltr'><strong>et</strong></span> <span class='ocrx_word' id='word_1_55' title='bbox 155 1072 260 1148; x_wconf 91' lang='lat' dir='ltr'><strong>faciat,</strong></span> <span class='ocrx_word' id='word_1_56' title='bbox 284 1072 341 1134; x_wconf 86' lang='lat' dir='ltr'><strong>vix</strong></span> <span class='ocrx_word' id='word_1_57' title='bbox 368 1083 473 1134; x_wconf 88' lang='lat' dir='ltr'><strong>tamen</strong></span> <span class='ocrx_word' id='word_1_58' title='bbox 491 1067 555 1134; x_wconf 89' lang='lat' dir='ltr'><strong>dici</strong></span> <span class='ocrx_word' id='word_1_59' title='bbox 583 1073 699 1155; x_wconf 89' lang='lat' dir='ltr'><strong>possit,</strong></span> <span class='ocrx_word' id='word_1_60' title='bbox 716 1094 822 1154; x_wconf 89' lang='lat' dir='ltr'><strong>-quam</strong></span> <span class='ocrx_word' id='word_1_61' title='bbox 850 1073 909 1134; x_wconf 90' lang='lat' dir='ltr'><strong>sibi</strong></span> <span class='ocrx_word' id='word_1_62' title='bbox 935 1073 971 1134; x_wconf 90' lang='lat' dir='ltr'><strong>iu</strong></span> <span class='ocrx_word' id='word_1_63' title='bbox 1000 1073 1142 1134; x_wconf 87' lang='lat' dir='ltr'><strong>omnibus</strong></span> <span class='ocrx_word' id='word_1_64' title='bbox 1159 1073 1231 1156; x_wconf 82' lang='lat' dir='ltr'><strong>pls·</strong></span> 
     </span>
     <span class='ocr_line' id='line_1_9' title="bbox 93 1169 1230 1253; baseline 0 -21"><span class='ocrx_word' id='word_1_65' title='bbox 93 1185 183 1248; x_wconf 86' lang='lat' dir='ltr'><strong>ceat,</strong></span> <span class='ocrx_word' id='word_1_66' title='bbox 205 1185 241 1232; x_wconf 86' lang='lat' dir='ltr'><strong>ut</strong></span> <span class='ocrx_word' id='word_1_67' title='bbox 260 1173 374 1232; x_wconf 85' lang='lat' dir='ltr'><strong>mirum</strong></span> <span class='ocrx_word' id='word_1_68' title='bbox 396 1173 423 1232; x_wconf 89' lang='lat' dir='ltr'><strong>si</strong></span> <span class='ocrx_word' id='word_1_69' title='bbox 443 1193 506 1234; x_wconf 92' lang='lat' dir='ltr'><strong>non</strong></span> <span class='ocrx_word' id='word_1_70' title='bbox 526 1173 608 1235; x_wconf 88' lang='lat' dir='ltr'><strong>verti</strong></span> <span class='ocrx_word' id='word_1_71' title='bbox 628 1173 663 1235; x_wconf 91' lang='lat' dir='ltr'><strong>in</strong></span> <span class='ocrx_word' id='word_1_72' title='bbox 675 1192 799 1248; x_wconf 85' lang='lat' dir='ltr'><strong>rosam,</strong></span> <span class='ocrx_word' id='word_1_73' title='bbox 820 1169 967 1253; x_wconf 82' lang='lat' dir='ltr'><strong>quioquid</strong></span> <span class='ocrx_word' id='word_1_74' title='bbox 986 1171 1151 1234; x_wconf 76' lang='lat' dir='ltr'><strong>calcaverit</strong></span> <span class='ocrx_word' id='word_1_75' title='bbox 1163 1171 1230 1232; x_wconf 84' lang='lat' dir='ltr'><strong>ille.</strong></span> 
     </span>
    </p>
   </div>
   <div class='ocr_carea' id='block_1_3' title="bbox 98 1269 1350 1353">
    <p class='ocr_par' dir='ltr' id='par_1_3' title="bbox 98 1269 1350 1353">
     <span class='ocr_line' id='line_1_10' title="bbox 98 1269 1350 1353; baseline -0.004 -19"><span class='ocrx_word' id='word_1_76' title='bbox 98 1272 137 1334; x_wconf 90' lang='lat' dir='ltr'><strong>lu</strong></span> <span class='ocrx_word' id='word_1_77' title='bbox 157 1271 318 1332; x_wconf 87' lang='lat' dir='ltr'><strong>dialectica</strong></span> <span class='ocrx_word' id='word_1_78' title='bbox 336 1291 447 1353; x_wconf 84' lang='lat' dir='ltr'><strong>parum</strong></span> <span class='ocrx_word' id='word_1_79' title='bbox 467 1272 602 1333; x_wconf 83' lang='lat' dir='ltr'><strong>feliciter</strong></span> <span class='ocrx_word' id='word_1_80' title='bbox 621 1283 760 1336; x_wconf 86' lang='lat' dir='ltr'><strong>versatus</strong></span> <span class='ocrx_word' id='word_1_81' title='bbox 790 1281 835 1332; x_wconf 85' lang='lat' dir='ltr'><strong>est</strong></span> <span class='ocrx_word' id='word_1_82' title='bbox 865 1273 904 1332; x_wconf 89' lang='lat' dir='ltr'><strong>ob</strong></span> <span class='ocrx_word' id='word_1_83' title='bbox 932 1271 1114 1352; x_wconf 85' lang='lat' dir='ltr'><strong>plumbeum</strong></span> <span class='ocrx_word' id='word_1_84' title='bbox 1141 1269 1231 1352; x_wconf 89' lang='lat' dir='ltr'><strong>inge-</strong></span> <span class='ocrx_word' id='word_1_85' title='bbox 1347 1273 1350 1280; x_wconf 84' lang='lat'>&#39;</span> 
     </span>
    </p>
   </div>
   <div class='ocr_carea' id='block_1_4' title="bbox 96 1370 1307 1751">
    <p class='ocr_par' dir='ltr' id='par_1_4' title="bbox 96 1370 1307 1751">
     <span class='ocr_line' id='line_1_11' title="bbox 97 1370 1231 1453; baseline -0.001 -22"><span class='ocrx_word' id='word_1_86' title='bbox 97 1372 209 1448; x_wconf 86' lang='lat' dir='ltr'><strong>nium,</strong></span> <span class='ocrx_word' id='word_1_87' title='bbox 237 1371 291 1432; x_wconf 88' lang='lat' dir='ltr'><strong>sed</strong></span> <span class='ocrx_word' id='word_1_88' title='bbox 310 1383 413 1432; x_wconf 89' lang='lat' dir='ltr'><strong>tamen</strong></span> <span class='ocrx_word' id='word_1_89' title='bbox 433 1391 491 1452; x_wconf 89' lang='lat' dir='ltr'><strong>per</strong></span> <span class='ocrx_word' id='word_1_90' title='bbox 510 1371 623 1453; x_wconf 87' lang='lat' dir='ltr'><strong>gradus</strong></span> <span class='ocrx_word' id='word_1_91' title='bbox 643 1373 715 1434; x_wconf 90' lang='lat' dir='ltr'><strong>illos</strong></span> <span class='ocrx_word' id='word_1_92' title='bbox 735 1372 876 1432; x_wconf 76' lang='lat' dir='ltr'><strong>solennes</strong></span> <span class='ocrx_word' id='word_1_93' title='bbox 895 1370 973 1430; x_wconf 86' lang='lat' dir='ltr'><strong>haec</strong></span> <span class='ocrx_word' id='word_1_94' title='bbox 992 1371 1096 1432; x_wconf 87' lang='lat' dir='ltr'><strong>bellua</strong></span> <span class='ocrx_word' id='word_1_95' title='bbox 1115 1389 1231 1450; x_wconf 81' lang='lat' dir='ltr'><strong>perve-</strong></span> 
     </span>
     <span class='ocr_line' id='line_1_12' title="bbox 98 1467 1307 1552; baseline -0.002 -21"><span class='ocrx_word' id='word_1_96' title='bbox 98 1470 149 1531; x_wconf 90' lang='lat' dir='ltr'><strong>nit</strong></span> <span class='ocrx_word' id='word_1_97' title='bbox 167 1471 208 1531; x_wconf 91' lang='lat' dir='ltr'><strong>ad</strong></span> <span class='ocrx_word' id='word_1_98' title='bbox 228 1471 405 1552; x_wconf 86' lang='lat' dir='ltr'><strong>magistrum</strong></span> <span class='ocrx_word' id='word_1_99' title='bbox 424 1469 620 1530; x_wconf 35' lang='lat' dir='ltr'><strong>nostratum*</strong></span> <span class='ocrx_word' id='word_1_100' title='bbox 645 1473 746 1552; x_wconf 84' lang='lat' dir='ltr'><strong>Atque</strong></span> <span class='ocrx_word' id='word_1_101' title='bbox 765 1480 800 1531; x_wconf 87' lang='lat' dir='ltr'><strong>ut</strong></span> <span class='ocrx_word' id='word_1_102' title='bbox 818 1469 945 1531; x_wconf 88' lang='lat' dir='ltr'><strong>iuterim</strong></span> <span class='ocrx_word' id='word_1_103' title='bbox 970 1480 1086 1548; x_wconf 84' lang='lat' dir='ltr'><strong>tegeret</strong></span> <span class='ocrx_word' id='word_1_104' title='bbox 1105 1467 1230 1530; x_wconf 86' lang='lat' dir='ltr'><strong>stolidi·</strong></span> <span class='ocrx_word' id='word_1_105' title='bbox 1266 1517 1269 1523; x_wconf 90' lang='lat'>.</span> <span class='ocrx_word' id='word_1_106' title='bbox 1304 1513 1307 1520; x_wconf 38' lang='grc' dir='ltr'>ι</span> 
     </span>
     <span class='ocr_line' id='line_1_13' title="bbox 96 1567 1228 1643; baseline 0.001 -14"><span class='ocrx_word' id='word_1_107' title='bbox 96 1579 194 1630; x_wconf 89' lang='lat' dir='ltr'><strong>tatem</strong></span> <span class='ocrx_word' id='word_1_108' title='bbox 214 1571 352 1630; x_wconf 77' lang='lat' dir='ltr'><strong>asininae</strong></span> <span class='ocrx_word' id='word_1_109' title='bbox 366 1569 492 1643; x_wconf 87' lang='lat' dir='ltr'><strong>mentis,</strong></span> <span class='ocrx_word' id='word_1_110' title='bbox 523 1568 907 1643; x_wconf 86' lang='lat' dir='ltr'><strong>voluitvideritextualis,</strong></span> <span class='ocrx_word' id='word_1_111' title='bbox 937 1589 1008 1630; x_wconf 86' lang='lat' dir='ltr'><strong>cum</strong></span> <span class='ocrx_word' id='word_1_112' title='bbox 1030 1569 1080 1628; x_wconf 92' lang='lat' dir='ltr'><strong>illi</strong></span> <span class='ocrx_word' id='word_1_113' title='bbox 1100 1567 1228 1630; x_wconf 86' lang='lat' dir='ltr'><strong>nonsit</strong></span> 
     </span>
     <span class='ocr_line' id='line_1_14' title="bbox 98 1663 1230 1751; baseline 0.001 -22"><span class='ocrx_word' id='word_1_114' title='bbox 98 1690 177 1751; x_wconf 91' lang='lat' dir='ltr'><strong>opus</strong></span> <span class='ocrx_word' id='word_1_115' title='bbox 187 1670 328 1731; x_wconf 85' lang='lat' dir='ltr'><strong>acumine</strong></span> <span class='ocrx_word' id='word_1_116' title='bbox 344 1667 471 1748; x_wconf 83' lang='lat' dir='ltr'><strong>ingenii.</strong></span> <span class='ocrx_word' id='word_1_117' title='bbox 493 1663 582 1749; x_wconf 81' lang='lat' dir='ltr'><strong>&#39;Ergo</strong></span> <span class='ocrx_word' id='word_1_118' title='bbox 598 1668 696 1730; x_wconf 80' lang='lat' dir='ltr'><strong>faetus</strong></span> <span class='ocrx_word' id='word_1_119' title='bbox 705 1671 852 1750; x_wconf 81' lang='lat' dir='ltr'><strong>Magister</strong></span> <span class='ocrx_word' id='word_1_120' title='bbox 865 1667 978 1730; x_wconf 85' lang='lat' dir='ltr'><strong>Noster</strong></span> <span class='ocrx_word' id='word_1_121' title='bbox 994 1678 1141 1748; x_wconf 85' lang='lat' dir='ltr'><strong>tanquam</strong></span> <span class='ocrx_word' id='word_1_122' title='bbox 1156 1685 1230 1748; x_wconf 76' lang='lat' dir='ltr'><strong>reg·</strong></span> 
     </span>
    </p>
   </div>
   <div class='ocr_carea' id='block_1_5' title="bbox 88 1757 1352 1947">
    <p class='ocr_par' dir='ltr' id='par_1_5' title="bbox 88 1757 1352 1947">
     <span class='ocr_line' id='line_1_15' title="bbox 88 1757 1352 1856; baseline -0.004 -27"><span class='ocrx_word' id='word_1_123' title='bbox 88 1757 343 1830; x_wconf 50' lang='lat' dir='ltr'><strong>&#39;num&#39;assecutus</strong></span> <span class='ocrx_word' id='word_1_124' title='bbox 358 1766 460 1848; x_wconf 84' lang='lat' dir='ltr'><strong>coepit</strong></span> <span class='ocrx_word' id='word_1_125' title='bbox 475 1765 515 1826; x_wconf 90' lang='lat' dir='ltr'><strong>de</strong></span> <span class='ocrx_word' id='word_1_126' title='bbox 532 1767 697 1848; x_wconf 85' lang='lat' dir='ltr'><strong>splendore</strong></span> <span class='ocrx_word' id='word_1_127' title='bbox 712 1767 794 1844; x_wconf 77' lang='lat' dir='ltr'><strong>vitae</strong></span> <span class='ocrx_word' id='word_1_128' title='bbox 809 1769 952 1850; x_wconf 84' lang='lat' dir='ltr'><strong>cogitare.</strong></span> <span class='ocrx_word' id='word_1_129' title='bbox 978 1768 1058 1834; x_wconf 73' lang='lat' dir='ltr'><strong>,Neo</strong></span> <span class='ocrx_word' id='word_1_130' title='bbox 1079 1777 1144 1830; x_wconf 88' lang='lat' dir='ltr'><strong>erat</strong></span> <span class='ocrx_word' id='word_1_131' title='bbox 1165 1767 1229 1828; x_wconf 84' lang='lat' dir='ltr'><strong>mi·-</strong></span> <span class='ocrx_word' id='word_1_132' title='bbox 1343 1847 1352 1856; x_wconf 79' lang='lat'>.</span> 
     </span>
     <span class='ocr_line' id='line_1_16' title="bbox 97 1866 1334 1947; baseline 0 -21"><span class='ocrx_word' id='word_1_133' title='bbox 97 1886 184 1940; x_wconf 87' lang='lat' dir='ltr'><strong>sero,</strong></span> <span class='ocrx_word' id='word_1_134' title='bbox 226 1867 311 1928; x_wconf 89' lang='lat' dir='ltr'><strong>unde</strong></span> <span class='ocrx_word' id='word_1_135' title='bbox 340 1867 394 1928; x_wconf 90' lang='lat' dir='ltr'><strong>vel</strong></span> <span class='ocrx_word' id='word_1_136' title='bbox 421 1866 536 1926; x_wconf 89' lang='lat' dir='ltr'><strong>famem</strong></span> <span class='ocrx_word' id='word_1_137' title='bbox 562 1867 690 1927; x_wconf 89' lang='lat' dir='ltr'><strong>sedaret.</strong></span> <span class='ocrx_word' id='word_1_138' title='bbox 753 1868 834 1929; x_wconf 89' lang='lat' dir='ltr'><strong>Nam</strong></span> <span class='ocrx_word' id='word_1_139' title='bbox 859 1866 989 1928; x_wconf 87' lang='lat' dir='ltr'><strong>antehae</strong></span> <span class='ocrx_word' id='word_1_140' title='bbox 1009 1877 1166 1947; x_wconf 84' lang='lat' dir='ltr'><strong>utcunque</strong></span> <span class='ocrx_word' id='word_1_141' title='bbox 1185 1885 1228 1928; x_wconf 86' lang='lat' dir='ltr'><strong>err</strong></span> <span class='ocrx_word' id='word_1_142' title='bbox 1331 1904 1334 1912; x_wconf 86' lang='lat'><em>·</em></span> 
     </span>
    </p>
   </div>
   <div class='ocr_carea' id='block_1_6' title="bbox 97 1965 1312 3342">
    <p class='ocr_par' dir='ltr' id='par_1_6' title="bbox 98 1965 1312 2246">
     <span class='ocr_line' id='line_1_17' title="bbox 99 1965 1228 2048; baseline 0.001 -23"><span class='ocrx_word' id='word_1_143' title='bbox 99 1965 253 2028; x_wconf 89' lang='lat' dir='ltr'><strong>conviviis</strong></span> <span class='ocrx_word' id='word_1_144' title='bbox 274 1965 468 2040; x_wconf 84' lang='lat' dir='ltr'><strong>solennibus,</strong></span> <span class='ocrx_word' id='word_1_145' title='bbox 504 1985 545 2026; x_wconf 80' lang='lat' dir='ltr'><strong>ex</strong></span> <span class='ocrx_word' id='word_1_146' title='bbox 562 1966 748 2046; x_wconf 81' lang='lat' dir='ltr'><strong>pecuniola,</strong></span> <span class='ocrx_word' id='word_1_147' title='bbox 782 1986 862 2048; x_wconf 87' lang='lat' dir='ltr'><strong>quse</strong></span> <span class='ocrx_word' id='word_1_148' title='bbox 880 1987 900 2026; x_wconf 91' lang='lat' dir='ltr'><strong>a</strong></span> <span class='ocrx_word' id='word_1_149' title='bbox 926 1966 1047 2028; x_wconf 86' lang='lat' dir='ltr'><strong>miseria</strong></span> <span class='ocrx_word' id='word_1_150' title='bbox 1066 1965 1228 2027; x_wconf 81' lang='lat' dir='ltr'><strong>scholasti-</strong></span> 
     </span>
     <span class='ocr_line' id='line_1_18' title="bbox 98 2064 1312 2146; baseline 0 -20"><span class='ocrx_word' id='word_1_151' title='bbox 98 2065 143 2126; x_wconf 85' lang='lat' dir='ltr'><strong>cis</strong></span> <span class='ocrx_word' id='word_1_152' title='bbox 162 2065 286 2129; x_wconf 83' lang='lat' dir='ltr'><strong>sordide</strong></span> <span class='ocrx_word' id='word_1_153' title='bbox 306 2065 483 2139; x_wconf 87' lang='lat' dir='ltr'><strong>abraditur,</strong></span> <span class='ocrx_word' id='word_1_154' title='bbox 511 2074 695 2127; x_wconf 77' lang='lat' dir='ltr'><strong>sustentaret</strong></span> <span class='ocrx_word' id='word_1_155' title='bbox 712 2076 863 2128; x_wconf 88' lang='lat' dir='ltr'><strong>ventrem.</strong></span> <span class='ocrx_word' id='word_1_156' title='bbox 910 2065 999 2128; x_wconf 90' lang='lat' dir='ltr'><strong>Vidit</strong></span> <span class='ocrx_word' id='word_1_157' title='bbox 1018 2076 1121 2128; x_wconf 90' lang='lat' dir='ltr'><strong>autem</strong></span> <span class='ocrx_word' id='word_1_158' title='bbox 1141 2064 1227 2146; x_wconf 84' lang='lat' dir='ltr'><strong>apud</strong></span> <span class='ocrx_word' id='word_1_159' title='bbox 1310 2104 1312 2110; x_wconf 21' lang='grc' dir='ltr'><strong><em>π</em></strong></span> 
     </span>
     <span class='ocr_line' id='line_1_19' title="bbox 98 2163 1274 2246; baseline 0.001 -21"><span class='ocrx_word' id='word_1_160' title='bbox 98 2165 203 2225; x_wconf 88' lang='lat' dir='ltr'><strong>nullos</strong></span> <span class='ocrx_word' id='word_1_161' title='bbox 214 2163 410 2226; x_wconf 88' lang='lat' dir='ltr'><strong>stoliditatem</strong></span> <span class='ocrx_word' id='word_1_162' title='bbox 431 2173 462 2223; x_wconf 86' lang='lat' dir='ltr'><strong>et</strong></span> <span class='ocrx_word' id='word_1_163' title='bbox 480 2163 721 2246; x_wconf 79' lang='lat' dir='ltr'><strong>imprudentiam</strong></span> <span class='ocrx_word' id='word_1_164' title='bbox 742 2185 806 2226; x_wconf 89' lang='lat' dir='ltr'><strong>csse</strong></span> <span class='ocrx_word' id='word_1_165' title='bbox 825 2165 1006 2239; x_wconf 85' lang='lat' dir='ltr'><strong>feliciorem,</strong></span> <span class='ocrx_word' id='word_1_166' title='bbox 1029 2186 1122 2246; x_wconf 86' lang='lat' dir='ltr'><strong>quam</strong></span> <span class='ocrx_word' id='word_1_167' title='bbox 1141 2164 1226 2246; x_wconf 87' lang='lat' dir='ltr'><strong>apud</strong></span> <span class='ocrx_word' id='word_1_168' title='bbox 1272 2207 1274 2212; x_wconf 92' lang='lat'>-</span> 
     </span>
    </p>

    <p class='ocr_par' dir='ltr' id='par_1_7' title="bbox 97 2263 1252 3342">
     <span class='ocr_line' id='line_1_20' title="bbox 99 2263 1226 2346; baseline 0.003 -23"><span class='ocrx_word' id='word_1_169' title='bbox 99 2263 267 2324; x_wconf 85' lang='lat' dir='ltr'><strong>monachos</strong></span> <span class='ocrx_word' id='word_1_170' title='bbox 288 2264 495 2346; x_wconf 80' lang='lat' dir='ltr'><strong>mendicantes</strong></span> <span class='ocrx_word' id='word_1_171' title='bbox 514 2265 623 2340; x_wconf 89' lang='lat' dir='ltr'><strong>titulo,</strong></span> <span class='ocrx_word' id='word_1_172' title='bbox 659 2267 857 2346; x_wconf 74' lang='lat' dir='ltr'><strong>re¹Satrapas</strong></span> <span class='ocrx_word' id='word_1_173' title='bbox 886 2285 922 2325; x_wconf 89' lang='lat' dir='ltr'><strong>ac</strong></span> <span class='ocrx_word' id='word_1_174' title='bbox 941 2275 1107 2345; x_wconf 81' lang='lat' dir='ltr'><strong>tyrannos,</strong></span> <span class='ocrx_word' id='word_1_175' title='bbox 1141 2263 1226 2326; x_wconf 88' lang='lat' dir='ltr'><strong>inter</strong></span> 
     </span>
     <span class='ocr_line' id='line_1_21' title="bbox 99 2362 1225 2449; baseline 0.004 -27"><span class='ocrx_word' id='word_1_176' title='bbox 99 2374 177 2441; x_wconf 84' lang='lat' dir='ltr'><strong>quos</strong></span> <span class='ocrx_word' id='word_1_177' title='bbox 196 2363 424 2426; x_wconf 88' lang='lat' dir='ltr'><strong>Praedicatores</strong></span> <span class='ocrx_word' id='word_1_178' title='bbox 444 2382 515 2422; x_wconf 89' lang='lat' dir='ltr'><strong>oum</strong></span> <span class='ocrx_word' id='word_1_179' title='bbox 536 2362 646 2443; x_wconf 88' lang='lat' dir='ltr'><strong>primis</strong></span> <span class='ocrx_word' id='word_1_180' title='bbox 657 2365 832 2444; x_wconf 87' lang='lat' dir='ltr'><strong>placebant,</strong></span> <span class='ocrx_word' id='word_1_181' title='bbox 851 2385 983 2446; x_wconf 87' lang='lat' dir='ltr'><strong>quorum</strong></span> <span class='ocrx_word' id='word_1_182' title='bbox 1004 2363 1080 2425; x_wconf 94' lang='lat' dir='ltr'><strong>ordo</strong></span> <span class='ocrx_word' id='word_1_183' title='bbox 1102 2383 1225 2449; x_wconf 82' lang='lat' dir='ltr'><strong>semper</strong></span> 
     </span>
     <span class='ocr_line' id='line_1_22' title="bbox 98 2454 1245 2545; baseline -0.003 -22"><span class='ocrx_word' id='word_1_184' title='bbox 98 2454 210 2535; x_wconf 85' lang='lat' dir='ltr'><strong>habuit</strong></span> <span class='ocrx_word' id='word_1_185' title='bbox 236 2465 356 2544; x_wconf 85' lang='lat' dir='ltr'><strong>egregie</strong></span> <span class='ocrx_word' id='word_1_186' title='bbox 382 2463 557 2539; x_wconf 81' lang='lat' dir='ltr'><strong>seditiosos,</strong></span> <span class='ocrx_word' id='word_1_187' title='bbox 600 2475 631 2522; x_wconf 90' lang='lat' dir='ltr'><strong>et</strong></span> <span class='ocrx_word' id='word_1_188' title='bbox 657 2464 695 2524; x_wconf 90' lang='lat' dir='ltr'><strong>ad</strong></span> <span class='ocrx_word' id='word_1_189' title='bbox 725 2484 816 2528; x_wconf 85' lang='lat' dir='ltr'><strong>omne</strong></span> <span class='ocrx_word' id='word_1_190' title='bbox 847 2465 968 2525; x_wconf 85' lang='lat' dir='ltr'><strong>facinus</strong></span> <span class='ocrx_word' id='word_1_191' title='bbox 988 2465 1245 2545; x_wconf 80' lang='lat' dir='ltr'><strong>imperterritos..</strong></span> 
     </span>
     <span class='ocr_line' id='line_1_23' title="bbox 100 2547 1226 2642; baseline 0.005 -22"><span class='ocrx_word' id='word_1_192' title='bbox 100 2563 205 2638; x_wconf 87' lang='lat' dir='ltr'><strong>Quam</strong></span> <span class='ocrx_word' id='word_1_193' title='bbox 233 2547 357 2642; x_wconf 85' lang='lat' dir='ltr'><strong>quidem</strong></span> <span class='ocrx_word' id='word_1_194' title='bbox 383 2560 506 2622; x_wconf 89' lang='lat' dir='ltr'><strong>laudem</strong></span> <span class='ocrx_word' id='word_1_195' title='bbox 534 2560 636 2622; x_wconf 86' lang='lat' dir='ltr'><strong>adlsuc</strong></span> <span class='ocrx_word' id='word_1_196' title='bbox 663 2563 791 2626; x_wconf 88' lang='lat' dir='ltr'><strong>caeteris</strong></span> <span class='ocrx_word' id='word_1_197' title='bbox 821 2565 985 2637; x_wconf 90' lang='lat' dir='ltr'><strong>invident,</strong></span> <span class='ocrx_word' id='word_1_198' title='bbox 1032 2563 1107 2624; x_wconf 86' lang='lat' dir='ltr'><strong>duur</strong></span> <span class='ocrx_word' id='word_1_199' title='bbox 1136 2564 1226 2626; x_wconf 87' lang='lat' dir='ltr'><strong>nobis</strong></span> 
     </span>
     <span class='ocr_line' id='line_1_24' title="bbox 99 2661 1227 2743; baseline 0.004 -23"><span class='ocrx_word' id='word_1_200' title='bbox 99 2681 172 2720; x_wconf 88' lang='lat' dir='ltr'><strong>suos</strong></span> <span class='ocrx_word' id='word_1_201' title='bbox 192 2663 338 2735; x_wconf 82' lang='lat' dir='ltr'><strong>Alvaros,</strong></span> <span class='ocrx_word' id='word_1_202' title='bbox 360 2662 512 2734; x_wconf 84' lang='lat' dir='ltr'><strong>Thomas,</strong></span> <span class='ocrx_word' id='word_1_203' title='bbox 533 2681 603 2721; x_wconf 90' lang='lat' dir='ltr'><strong>suos</strong></span> <span class='ocrx_word' id='word_1_204' title='bbox 625 2663 810 2742; x_wconf 76' lang='lat' dir='ltr'><strong>sylvestres,</strong></span> <span class='ocrx_word' id='word_1_205' title='bbox 831 2684 902 2728; x_wconf 85' lang='lat' dir='ltr'><strong>suos</strong></span> <span class='ocrx_word' id='word_1_206' title='bbox 922 2661 1056 2742; x_wconf 87' lang='lat' dir='ltr'><strong>deniquo</strong></span> <span class='ocrx_word' id='word_1_207' title='bbox 1076 2665 1227 2743; x_wconf 85' lang='lat' dir='ltr'><strong>Hogstra-</strong></span> 
     </span>
     <span class='ocr_line' id='line_1_25' title="bbox 99 2757 1252 2848; baseline 0.006 -30"><span class='ocrx_word' id='word_1_208' title='bbox 99 2769 165 2834; x_wconf 90' lang='lat' dir='ltr'><strong>tos,</strong></span> <span class='ocrx_word' id='word_1_209' title='bbox 187 2761 273 2840; x_wconf 86' lang='lat' dir='ltr'><strong>quasi</strong></span> <span class='ocrx_word' id='word_1_210' title='bbox 291 2761 504 2821; x_wconf 81' lang='lat' dir='ltr'><strong>formidabiles</strong></span> <span class='ocrx_word' id='word_1_211' title='bbox 523 2761 701 2822; x_wconf 86' lang='lat' dir='ltr'><strong>obtrudunt.</strong></span> <span class='ocrx_word' id='word_1_212' title='bbox 742 2762 803 2823; x_wconf 87' lang='lat' dir='ltr'><strong>Sed</strong></span> <span class='ocrx_word' id='word_1_213' title='bbox 824 2783 865 2822; x_wconf 82' lang='lat' dir='ltr'><strong>ex</strong></span> <span class='ocrx_word' id='word_1_214' title='bbox 885 2764 1013 2822; x_wconf 88' lang='lat' dir='ltr'><strong>Scotista</strong></span> <span class='ocrx_word' id='word_1_215' title='bbox 1034 2763 1226 2848; x_wconf 80' lang='lat' dir='ltr'><strong>Themistum</strong></span> <span class='ocrx_word' id='word_1_216' title='bbox 1246 2757 1252 2771; x_wconf 72' lang='lat'><strong><em>⁴</em></strong></span> 
     </span>
     <span class='ocr_line' id='line_1_26' title="bbox 97 2859 1225 2944; baseline 0.005 -26"><span class='ocrx_word' id='word_1_217' title='bbox 97 2859 169 2923; x_wconf 88' lang='lat' dir='ltr'><strong>fieri</strong></span> <span class='ocrx_word' id='word_1_218' title='bbox 190 2872 255 2922; x_wconf 90' lang='lat' dir='ltr'><strong>erat</strong></span> <span class='ocrx_word' id='word_1_219' title='bbox 277 2861 408 2922; x_wconf 85' lang='lat' dir='ltr'><strong>difficile.</strong></span> <span class='ocrx_word' id='word_1_220' title='bbox 449 2861 487 2921; x_wconf 90' lang='lat' dir='ltr'><strong>In</strong></span> <span class='ocrx_word' id='word_1_221' title='bbox 508 2859 667 2922; x_wconf 90' lang='lat' dir='ltr'><strong>Minoritis</strong></span> <span class='ocrx_word' id='word_1_222' title='bbox 687 2861 867 2944; x_wconf 81' lang='lat' dir='ltr'><strong>displicebat</strong></span> <span class='ocrx_word' id='word_1_223' title='bbox 886 2862 1009 2926; x_wconf 82' lang='lat' dir='ltr'><strong>nuditas</strong></span> <span class='ocrx_word' id='word_1_224' title='bbox 1031 2872 1062 2922; x_wconf 91' lang='lat' dir='ltr'><strong>et</strong></span> <span class='ocrx_word' id='word_1_225' title='bbox 1081 2864 1146 2926; x_wconf 86' lang='lat' dir='ltr'><strong>vita</strong></span> <span class='ocrx_word' id='word_1_226' title='bbox 1160 2884 1225 2924; x_wconf 89' lang='lat' dir='ltr'><strong>uon</strong></span> 
     </span>
     <span class='ocr_line' id='line_1_27' title="bbox 99 2942 1228 3045; baseline 0.005 -27"><span class='ocrx_word' id='word_1_227' title='bbox 99 2960 266 3020; x_wconf 87' lang='lat' dir='ltr'><strong>admodum</strong></span> <span class='ocrx_word' id='word_1_228' title='bbox 289 2942 416 3022; x_wconf 74' lang='lat' dir='ltr'><strong>delicatis</strong></span> <span class='ocrx_word' id='word_1_229' title='bbox 423 3002 431 3034; x_wconf 94' lang='lat'><strong>,</strong></span> <span class='ocrx_word' id='word_1_230' title='bbox 459 2960 494 3020; x_wconf 90' lang='lat' dir='ltr'><strong>in</strong></span> <span class='ocrx_word' id='word_1_231' title='bbox 513 2962 789 3042; x_wconf 86' lang='lat' dir='ltr'><strong>Augustiuensibus</strong></span> <span class='ocrx_word' id='word_1_232' title='bbox 808 2973 971 3044; x_wconf 85' lang='lat' dir='ltr'><strong>paupertas</strong></span> <span class='ocrx_word' id='word_1_233' title='bbox 994 2963 1106 3040; x_wconf 86' lang='lat' dir='ltr'><strong>absque</strong></span> <span class='ocrx_word' id='word_1_234' title='bbox 1124 2963 1228 3045; x_wconf 82' lang='lat' dir='ltr'><strong>hypo·</strong></span> 
     </span>
     <span class='ocr_line' id='line_1_28' title="bbox 98 3056 1226 3148; baseline 0.004 -30"><span class='ocrx_word' id='word_1_235' title='bbox 98 3059 194 3119; x_wconf 85' lang='lat' dir='ltr'><strong>oriri.</strong></span> <span class='ocrx_word' id='word_1_236' title='bbox 234 3059 367 3122; x_wconf 85' lang='lat' dir='ltr'><strong>Videbat</strong></span> <span class='ocrx_word' id='word_1_237' title='bbox 389 3061 568 3122; x_wconf 85' lang='lat' dir='ltr'><strong>Carmelitas</strong></span> <span class='ocrx_word' id='word_1_238' title='bbox 594 3062 629 3122; x_wconf 90' lang='lat' dir='ltr'><strong>in</strong></span> <span class='ocrx_word' id='word_1_239' title='bbox 654 3061 705 3123; x_wconf 51' lang='lat' dir='ltr'><strong>¹his</strong></span> <span class='ocrx_word' id='word_1_240' title='bbox 724 3063 900 3142; x_wconf 76' lang='lat' dir='ltr'><strong>regiordbns</strong></span> <span class='ocrx_word' id='word_1_241' title='bbox 926 3056 1096 3148; x_wconf 66' lang='grc' dir='ltr'><strong>ἀβελτέρως</strong></span> <span class='ocrx_word' id='word_1_242' title='bbox 1116 3064 1226 3144; x_wconf 85' lang='lat' dir='ltr'><strong>pulcro</strong></span> 
     </span>
     <span class='ocr_line' id='line_1_29' title="bbox 97 3149 1226 3244; baseline 0.005 -26"><span class='ocrx_word' id='word_1_243' title='bbox 97 3177 244 3238; x_wconf 88' lang='lat' dir='ltr'><strong>regnare,</strong></span> <span class='ocrx_word' id='word_1_244' title='bbox 272 3159 407 3219; x_wconf 79' lang='lat' dir='ltr'><strong>maxime</strong></span> <span class='ocrx_word' id='word_1_245' title='bbox 433 3161 543 3236; x_wconf 66' lang='lat' dir='ltr'><strong>favore</strong></span> <span class='ocrx_word' id='word_1_246' title='bbox 564 3161 744 3222; x_wconf 86' lang='lat' dir='ltr'><strong>Mulierum.</strong></span> <span class='ocrx_word' id='word_1_247' title='bbox 806 3163 891 3244; x_wconf 89' lang='lat' dir='ltr'><strong>Ergo</strong></span> <span class='ocrx_word' id='word_1_248' title='bbox 903 3149 1045 3224; x_wconf 77' lang='lat' dir='ltr'><strong>camelus</strong></span> <span class='ocrx_word' id='word_1_249' title='bbox 1066 3163 1226 3224; x_wconf 84' lang='lat' dir='ltr'><strong>carmelita</strong></span> 
     </span>
     <span class='ocr_line' id='line_1_30' title="bbox 98 3257 1227 3342; baseline 0.004 -24"><span class='ocrx_word' id='word_1_250' title='bbox 98 3257 198 3318; x_wconf 86' lang='lat' dir='ltr'><strong>factus</strong></span> <span class='ocrx_word' id='word_1_251' title='bbox 220 3268 264 3319; x_wconf 90' lang='lat' dir='ltr'><strong>est</strong></span> <span class='ocrx_word' id='word_1_252' title='bbox 283 3259 489 3336; x_wconf 89' lang='lat' dir='ltr'><strong>Mechliniae,</strong></span> <span class='ocrx_word' id='word_1_253' title='bbox 522 3260 753 3340; x_wconf 76' lang='lat' dir='ltr'><strong>quae-Ciuitas,</strong></span> <span class='ocrx_word' id='word_1_254' title='bbox 777 3262 849 3341; x_wconf 88' lang='lat' dir='ltr'><strong>quia</strong></span> <span class='ocrx_word' id='word_1_255' title='bbox 869 3262 972 3323; x_wconf 88' lang='lat' dir='ltr'><strong>forma</strong></span> <span class='ocrx_word' id='word_1_256' title='bbox 999 3261 1098 3342; x_wconf 87' lang='lat' dir='ltr'><strong>gignit</strong></span> <span class='ocrx_word' id='word_1_257' title='bbox 1129 3261 1227 3340; x_wconf 85' lang='lat' dir='ltr'><strong>insig-</strong></span> 
     </span>
    </p>
   </div>
   <div class='ocr_carea' id='block_1_7' title="bbox 96 3349 1394 3432">
    <p class='ocr_par' dir='ltr' id='par_1_8' title="bbox 96 3349 1394 3432">
     <span class='ocr_line' id='line_1_31' title="bbox 96 3349 1394 3432; baseline -0.001 -15"><span class='ocrx_word' id='word_1_258' title='bbox 96 3377 171 3432; x_wconf 87' lang='lat' dir='ltr'><strong>nes,</strong></span> <span class='ocrx_word' id='word_1_259' title='bbox 193 3349 310 3428; x_wconf 58' lang='lat' dir='ltr'><strong>Veneri</strong></span> <span class='ocrx_word' id='word_1_260' title='bbox 331 3377 419 3423; x_wconf 79' lang='lat' dir='ltr'><strong>caera</strong></span> <span class='ocrx_word' id='word_1_261' title='bbox 431 3372 490 3420; x_wconf 79' lang='lat' dir='ltr'><strong>est.</strong></span> <span class='ocrx_word' id='word_1_262' title='bbox 529 3361 596 3420; x_wconf 85' lang='lat' dir='ltr'><strong>Neo</strong></span> <span class='ocrx_word' id='word_1_263' title='bbox 615 3361 654 3420; x_wconf 91' lang='lat' dir='ltr'><strong>ob</strong></span> <span class='ocrx_word' id='word_1_264' title='bbox 676 3361 762 3422; x_wconf 85' lang='lat' dir='ltr'><strong>aliud</strong></span> <span class='ocrx_word' id='word_1_265' title='bbox 783 3360 929 3432; x_wconf 81' lang='lat' dir='ltr'><strong>mulieres</strong></span> <span class='ocrx_word' id='word_1_266' title='bbox 944 3361 996 3422; x_wconf 90' lang='lat' dir='ltr'><strong>hio</strong></span> <span class='ocrx_word' id='word_1_267' title='bbox 1018 3361 1126 3420; x_wconf 79' lang='lat' dir='ltr'><strong>favent</strong></span> <span class='ocrx_word' id='word_1_268' title='bbox 1146 3359 1225 3418; x_wconf 90' lang='lat' dir='ltr'><strong>adeo</strong></span> <span class='ocrx_word' id='word_1_269' title='bbox 1314 3359 1316 3364; x_wconf 75' lang='grc'>’</span> <span class='ocrx_word' id='word_1_270' title='bbox 1391 3379 1394 3402; x_wconf 78' lang='lat'><em>¹</em></span> 
     </span>
    </p>
   </div>
   <div class='ocr_carea' id='block_1_8' title="bbox 97 3457 1224 3540">
    <p class='ocr_par' dir='ltr' id='par_1_9' title="bbox 97 3457 1224 3540">
     <span class='ocr_line' id='line_1_32' title="bbox 97 3457 1224 3540; baseline 0.001 -22"><span class='ocrx_word' id='word_1_271' title='bbox 97 3457 148 3518; x_wconf 83' lang='lat' dir='ltr'><strong>liis</strong></span> <span class='ocrx_word' id='word_1_272' title='bbox 168 3458 389 3534; x_wconf 87' lang='lat' dir='ltr'><strong>nebulonibus,</strong></span> <span class='ocrx_word' id='word_1_273' title='bbox 423 3480 513 3540; x_wconf 86' lang='lat' dir='ltr'><strong>quam</strong></span> <span class='ocrx_word' id='word_1_274' title='bbox 542 3459 624 3540; x_wconf 86' lang='lat' dir='ltr'><strong>quod</strong></span> <span class='ocrx_word' id='word_1_275' title='bbox 649 3469 801 3521; x_wconf 87' lang='lat' dir='ltr'><strong>vocentur</strong></span> <span class='ocrx_word' id='word_1_276' title='bbox 827 3462 957 3519; x_wconf 67' lang='lat' dir='ltr'><strong>Fratres</strong></span> <span class='ocrx_word' id='word_1_277' title='bbox 985 3461 1151 3520; x_wconf 84' lang='lat' dir='ltr'><strong>Dominae.</strong></span> <span class='ocrx_word' id='word_1_278' title='bbox 1193 3457 1224 3518; x_wconf 94' lang='grc' dir='ltr'><strong>Ο</strong></span> 
     </span>
    </p>
   </div>
   <div class='ocr_carea' id='block_1_9' title="bbox 92 3545 1227 3934">
    <p class='ocr_par' dir='ltr' id='par_1_10' title="bbox 92 3545 1227 3934">
     <span class='ocr_line' id='line_1_33' title="bbox 92 3545 1225 3641; baseline -0.002 -21"><span class='ocrx_word' id='word_1_279' title='bbox 92 3559 222 3620; x_wconf 73' lang='lat' dir='ltr'><strong>felicem</strong></span> <span class='ocrx_word' id='word_1_280' title='bbox 248 3579 366 3640; x_wconf 83' lang='lat' dir='ltr'><strong>sacram</strong></span> <span class='ocrx_word' id='word_1_281' title='bbox 395 3560 565 3641; x_wconf 86' lang='lat' dir='ltr'><strong>virginem,</strong></span> <span class='ocrx_word' id='word_1_282' title='bbox 607 3579 686 3640; x_wconf 90' lang='lat' dir='ltr'><strong>quae</strong></span> <span class='ocrx_word' id='word_1_283' title='bbox 708 3560 785 3624; x_wconf 89' lang='lat' dir='ltr'><strong>tales</strong></span> <span class='ocrx_word' id='word_1_284' title='bbox 813 3569 917 3621; x_wconf 88' lang='lat' dir='ltr'><strong>tauros</strong></span> <span class='ocrx_word' id='word_1_285' title='bbox 936 3545 1148 3639; x_wconf 85' lang='lat' dir='ltr'><strong>complectitur</strong></span> <span class='ocrx_word' id='word_1_286' title='bbox 1167 3556 1225 3620; x_wconf 83' lang='lat' dir='ltr'><strong>sub</strong></span> 
     </span>
     <span class='ocr_line' id='line_1_34' title="bbox 96 3651 1225 3744; baseline 0.002 -27"><span class='ocrx_word' id='word_1_287' title='bbox 96 3651 194 3741; x_wconf 84' lang='lat' dir='ltr'><strong>pallio</strong></span> <span class='ocrx_word' id='word_1_288' title='bbox 214 3661 300 3719; x_wconf 48' lang='lat' dir='ltr'><strong>suoi*</strong></span> <span class='ocrx_word' id='word_1_289' title='bbox 325 3660 409 3720; x_wconf 90' lang='lat' dir='ltr'><strong>Hinc</strong></span> <span class='ocrx_word' id='word_1_290' title='bbox 433 3671 534 3722; x_wconf 88' lang='lat' dir='ltr'><strong>tamen</strong></span> <span class='ocrx_word' id='word_1_291' title='bbox 553 3660 676 3740; x_wconf 84' lang='lat' dir='ltr'><strong>colliges</strong></span> <span class='ocrx_word' id='word_1_292' title='bbox 696 3658 811 3744; x_wconf 82' lang='lat' dir='ltr'><strong>licebit,</strong></span> <span class='ocrx_word' id='word_1_293' title='bbox 832 3659 912 3720; x_wconf 84' lang='lat' dir='ltr'><strong>hanc</strong></span> <span class='ocrx_word' id='word_1_294' title='bbox 930 3661 1065 3726; x_wconf 80' lang='lat' dir='ltr'><strong>belluam</strong></span> <span class='ocrx_word' id='word_1_295' title='bbox 1085 3677 1152 3718; x_wconf 87' lang='lat' dir='ltr'><strong>nou</strong></span> <span class='ocrx_word' id='word_1_296' title='bbox 1172 3677 1225 3719; x_wconf 74' lang='lat' dir='ltr'><strong>re-</strong></span> 
     </span>
     <span class='ocr_line' id='line_1_35' title="bbox 95 3744 1226 3840; baseline 0.003 -22"><span class='ocrx_word' id='word_1_297' title='bbox 95 3760 220 3838; x_wconf 89' lang='lat' dir='ltr'><strong>ligionis</strong></span> <span class='ocrx_word' id='word_1_298' title='bbox 241 3759 338 3840; x_wconf 84' lang='lat' dir='ltr'><strong>gratia</strong></span> <span class='ocrx_word' id='word_1_299' title='bbox 357 3759 472 3822; x_wconf 87' lang='lat' dir='ltr'><strong>factun&#39;s</strong></span> <span class='ocrx_word' id='word_1_300' title='bbox 494 3761 706 3835; x_wconf 72' lang='lat' dir='ltr'><strong>carmelitam,</strong></span> <span class='ocrx_word' id='word_1_301' title='bbox 729 3744 800 3819; x_wconf 87' lang='lat' dir='ltr'><strong>cum</strong></span> <span class='ocrx_word' id='word_1_302' title='bbox 823 3758 930 3821; x_wconf 82' lang='lat' dir='ltr'><strong>eodeni</strong></span> <span class='ocrx_word' id='word_1_303' title='bbox 950 3779 1048 3832; x_wconf 91' lang='lat' dir='ltr'><strong>annu,</strong></span> <span class='ocrx_word' id='word_1_304' title='bbox 1067 3775 1127 3835; x_wconf 86' lang='lat' dir='ltr'><strong>quo</strong></span> <span class='ocrx_word' id='word_1_305' title='bbox 1148 3776 1226 3836; x_wconf 82' lang='lat' dir='ltr'><strong>pro.-</strong></span> 
     </span>
     <span class='ocr_line' id='line_1_36' title="bbox 97 3852 1227 3934; baseline -0.001 -15"><span class='ocrx_word' id='word_1_306' title='bbox 97 3859 195 3920; x_wconf 85' lang='lat' dir='ltr'><strong>fessus</strong></span> <span class='ocrx_word' id='word_1_307' title='bbox 217 3870 262 3919; x_wconf 88' lang='lat' dir='ltr'><strong>cst</strong></span> <span class='ocrx_word' id='word_1_308' title='bbox 283 3860 503 3924; x_wconf 85' lang='lat' dir='ltr'><strong>carmeliticam</strong></span> <span class='ocrx_word' id='word_1_309' title='bbox 523 3861 635 3934; x_wconf 83' lang='lat' dir='ltr'><strong>vitam,</strong></span> <span class='ocrx_word' id='word_1_310' title='bbox 671 3859 770 3919; x_wconf 82' lang='lat' dir='ltr'><strong>factus</strong></span> <span class='ocrx_word' id='word_1_311' title='bbox 789 3859 830 3922; x_wconf 82' lang='lat' dir='ltr'><strong>sit</strong></span> <span class='ocrx_word' id='word_1_312' title='bbox 850 3857 1081 3930; x_wconf 85' lang='lat' dir='ltr'><strong>Terminarius,</strong></span> <span class='ocrx_word' id='word_1_313' title='bbox 1117 3852 1152 3916; x_wconf 86' lang='lat' dir='ltr'><strong>ut</strong></span> <span class='ocrx_word' id='word_1_314' title='bbox 1167 3873 1227 3924; x_wconf 58' lang='lat' dir='ltr'><strong>vor</strong></span> 
     </span>
    </p>
   </div>
   <div class='ocr_carea' id='block_1_10' title="bbox 73 3955 1226 4344">
    <p class='ocr_par' dir='ltr' id='par_1_11' title="bbox 73 3955 1226 4344">
     <span class='ocr_line' id='line_1_37' title="bbox 99 3955 1225 4041; baseline -0.002 -25"><span class='ocrx_word' id='word_1_315' title='bbox 99 3971 184 4034; x_wconf 89' lang='lat' dir='ltr'><strong>cant,</strong></span> <span class='ocrx_word' id='word_1_316' title='bbox 215 3957 438 4032; x_wconf 84' lang='lat' dir='ltr'><strong>Lovaniensis,</strong></span> <span class='ocrx_word' id='word_1_317' title='bbox 472 3969 508 4020; x_wconf 90' lang='lat' dir='ltr'><strong>ut</strong></span> <span class='ocrx_word' id='word_1_318' title='bbox 526 3963 643 4041; x_wconf 78' lang='lat' dir='ltr'><strong>pariter</strong></span> <span class='ocrx_word' id='word_1_319' title='bbox 664 3969 696 4019; x_wconf 92' lang='lat' dir='ltr'><strong>et</strong></span> <span class='ocrx_word' id='word_1_320' title='bbox 714 3958 774 4018; x_wconf 90' lang='lat' dir='ltr'><strong>sibi</strong></span> <span class='ocrx_word' id='word_1_321' title='bbox 795 3979 898 4018; x_wconf 87' lang='lat' dir='ltr'><strong>caseos</strong></span> <span class='ocrx_word' id='word_1_322' title='bbox 920 3968 951 4018; x_wconf 91' lang='lat' dir='ltr'><strong>et</strong></span> <span class='ocrx_word' id='word_1_323' title='bbox 976 3977 1034 4016; x_wconf 79' lang='lat' dir='ltr'><strong>ova</strong></span> <span class='ocrx_word' id='word_1_324' title='bbox 1055 3955 1225 4035; x_wconf 85' lang='lat' dir='ltr'><strong>colligeret,</strong></span> 
     </span>
     <span class='ocr_line' id='line_1_38' title="bbox 73 4041 1224 4142; baseline -0.003 -26"><span class='ocrx_word' id='word_1_325' title='bbox 73 4089 75 4096; x_wconf 43' lang='lat' dir='ltr'>v</span> <span class='ocrx_word' id='word_1_326' title='bbox 97 4069 129 4116; x_wconf 92' lang='lat' dir='ltr'><strong>et</strong></span> <span class='ocrx_word' id='word_1_327' title='bbox 147 4081 165 4118; x_wconf 88' lang='lat' dir='ltr'><strong>a</strong></span> <span class='ocrx_word' id='word_1_328' title='bbox 185 4059 364 4120; x_wconf 88' lang='lat' dir='ltr'><strong>solennibus</strong></span> <span class='ocrx_word' id='word_1_329' title='bbox 391 4059 455 4118; x_wconf 92' lang='lat' dir='ltr'><strong>illis</strong></span> <span class='ocrx_word' id='word_1_330' title='bbox 481 4059 620 4142; x_wconf 83' lang='lat' dir='ltr'><strong>prandiis</strong></span> <span class='ocrx_word' id='word_1_331' title='bbox 640 4069 670 4119; x_wconf 87' lang='lat' dir='ltr'><strong>et</strong></span> <span class='ocrx_word' id='word_1_332' title='bbox 689 4041 873 4133; x_wconf 77' lang='lat' dir='ltr'><strong>bonoribus,</strong></span> <span class='ocrx_word' id='word_1_333' title='bbox 896 4055 1015 4138; x_wconf 86' lang='lat' dir='ltr'><strong>¹quibus</strong></span> <span class='ocrx_word' id='word_1_334' title='bbox 1039 4066 1224 4128; x_wconf 71' lang='lat' dir='ltr'><strong>manaverat,</strong></span> 
     </span>
     <span class='ocr_line' id='line_1_39' title="bbox 97 4153 1225 4240; baseline -0.004 -22"><span class='ocrx_word' id='word_1_335' title='bbox 97 4179 161 4218; x_wconf 90' lang='lat' dir='ltr'><strong>non</strong></span> <span class='ocrx_word' id='word_1_336' title='bbox 182 4160 309 4219; x_wconf 80' lang='lat' dir='ltr'><strong>abesset.</strong></span> <span class='ocrx_word' id='word_1_337' title='bbox 347 4158 508 4240; x_wconf 85' lang='lat' dir='ltr'><strong>Nusqdam</strong></span> <span class='ocrx_word' id='word_1_338' title='bbox 535 4159 619 4220; x_wconf 86' lang='lat' dir='ltr'><strong>enim</strong></span> <span class='ocrx_word' id='word_1_339' title='bbox 638 4158 822 4220; x_wconf 85' lang='lat' dir='ltr'><strong>lautioribus</strong></span> <span class='ocrx_word' id='word_1_340' title='bbox 848 4153 1000 4222; x_wconf 76' lang='lat' dir='ltr'><strong>conviviis</strong></span> <span class='ocrx_word' id='word_1_341' title='bbox 1027 4155 1225 4227; x_wconf 82' lang='lat' dir='ltr'><strong>mulctantur,</strong></span> 
     </span>
     <span class='ocr_line' id='line_1_40' title="bbox 97 4253 1226 4344; baseline 0 -24"><span class='ocrx_word' id='word_1_342' title='bbox 97 4257 254 4342; x_wconf 80' lang='lat' dir='ltr'><strong>accepturi</strong></span> <span class='ocrx_word' id='word_1_343' title='bbox 273 4259 422 4344; x_wconf 84' lang='lat' dir='ltr'><strong>gradum,</strong></span> <span class='ocrx_word' id='word_1_344' title='bbox 456 4277 559 4341; x_wconf 84' lang='lat' dir='ltr'><strong>neque</strong></span> <span class='ocrx_word' id='word_1_345' title='bbox 579 4259 654 4332; x_wconf 80' lang='lat' dir='ltr'><strong>alibi</strong></span> <span class='ocrx_word' id='word_1_346' title='bbox 673 4257 812 4342; x_wconf 80' lang='lat' dir='ltr'><strong>magistri</strong></span> <span class='ocrx_word' id='word_1_347' title='bbox 832 4257 931 4334; x_wconf 72' lang='lat' dir='ltr'><strong>nocui</strong></span> <span class='ocrx_word' id='word_1_348' title='bbox 953 4265 1063 4340; x_wconf 85' lang='lat' dir='ltr'><strong>potant</strong></span> <span class='ocrx_word' id='word_1_349' title='bbox 1086 4253 1226 4332; x_wconf 76' lang='lat' dir='ltr'><strong>liberius,</strong></span> 
     </span>
    </p>
   </div>
   <div class='ocr_carea' id='block_1_11' title="bbox 0 0 1424 4718">
    <p class='ocr_par' dir='ltr' id='par_1_12' title="bbox 0 0 1424 4718">
     <span class='ocr_line' id='line_1_41' title="bbox 0 0 1424 4718; baseline 0 0"><span class='ocrx_word' id='word_1_350' title='bbox 0 0 1424 4718; x_wconf 95' lang='lat' dir='ltr'><strong> </strong></span> 
     </span>
    </p>
   </div>
  </div>
 </body>
</html>
