2896 4716
392 333 933 398 osscunnruon.
1034 321 1037 335 '
1159 334 1224 402 207

97 497 176 558 talia·
218 493 303 572 Ergo
318 491 399 564 solo¹
410 491 513 554 redies
531 483 565 552 in
581 479 711 572 patriam
727 500 855 571 propter
866 487 1019 552 honorem
1029 489 1224 557 Universitn-

98 596 151 673 tis;
173 592 270 654 etiam
292 592 368 652 alias
389 609 453 650 non
472 591 572 669 placet
593 590 673 651 mihi
691 591 825 662 Romae,
848 587 920 668 quia
934 589 1077 670 Gopistae
1094 601 1124 652 et
1141 591 1223 652 Cur-

99 693 187 754 tisani
207 699 283 752 sunt
302 690 346 750 its
367 689 507 769 superbi,
526 687 610 767 qnod
629 709 693 748 non
714 685 846 747 creditis.
887 687 975 747 Unus
985 688 1055 748 heri
1067 689 1147 750 dixit
1162 690 1224 750 mi·

98 791 149 864 hi,
187 788 275 870 quod
294 787 372 849 velit
399 787 540 847 mordere
565 806 659 866 super
681 805 778 846 unum
792 785 975 866 Magistrum
995 785 1221 848 coloniensem.
1344 851 1349 868 ‚
1379 833 1383 846 .

99 887 274 968 Respondi,
312 883 395 966 quod
415 884 539 944 deberet
558 884 699 944 merdare
719 883 758 944 ad
779 884 962 964 patibulum.
1019 886 1110 947 Tunc
1131 887 1222 962 dixit,

101 985 180 1065 quod
200 985 268 1064 ipse
289 993 334 1044 est
348 981 509 1062 Magister,
530 983 648 1043 scilicet
667 982 789 1054 Curiae,
811 990 841 1042 et
855 1003 936 1044 unus
952 981 1099 1061 Magister
1109 986 1224 1046 Curiae
1265 984 1268 995 '

99 1083 255 1164 praevalet
275 1081 460 1162 Magistrum
471 1065 597 1142 ¹Artium
611 1081 649 1142 de
663 1079 813 1142 Almania.
854 1080 1030 1162 Respondi,
1057 1083 1140 1163 quod
1157 1103 1222 1145 non

100 1192 140 1244 est
158 1178 323 1264 possibile:
350 1188 381 1240 et
402 1179 487 1253 dixi,
519 1188 555 1240 tu
576 1180 672 1241 velles
693 1179 811 1240 esseita
834 1178 934 1238 bonus
952 1179 1031 1240 sicut
1050 1201 1121 1262 ego,
1151 1202 1222 1242 cum

100 1290 201 1339 tamen
220 1297 286 1338 non
306 1277 428 1338 stetistis
449 1277 484 1338 in
503 1279 736 1338 examinesicut
756 1298 827 1359 ego,
856 1278 912 1339 ubi
929 1279 1066 1359 quinque
1081 1280 1223 1362 Magistri

97 1377 238 1457 rigorose
250 1375 505 1466 examinaverunt
517 1395 585 1450 me,
608 1389 638 1436 et
658 1396 730 1457 ergo
747 1397 779 1436 es
793 1377 940 1456 Magister
953 1377 1096 1438 bullatus.
1131 1381 1223 1440 Tune

97 1475 213 1555 incepit
233 1474 388 1555 disputare
399 1493 539 1548 mecum,
567 1474 687 1539 dicens:
717 1475 804 1554 Quid
823 1486 867 1536 est
881 1474 1049 1552 Magister?
1078 1477 1222 1556 Respon-

97 1575 145 1636 di:
167 1583 216 1636 est
235 1592 366 1653 persona
378 1570 569 1651 qualificata,
600 1585 742 1652 promota
768 1583 799 1634 et
819 1573 965 1654 grmlnata
984 1573 1018 1633 in
1033 1584 1148 1654 septem
1170 1597 1224 1636 sr-

95 1674 180 1734 tibus
191 1671 386 1744 liberalibus,
406 1670 610 1752 praecedente
629 1672 772 1732 examine
797 1672 981 1753 magistrali,
1015 1673 1221 1754 privilegiata,

96 1769 185 1850 quod
206 1778 305 1848 potest
322 1781 445 1850 portare
466 1769 617 1830 annulum
638 1789 766 1832 aureum
783 1784 815 1831 et
826 1771 958 1832 sancum
973 1771 1029 1832 sub
1047 1791 1150 1854 cappo,
1165 1773 1224 1833 lra-

95 1870 175 1930 beus
197 1887 230 1926 se
249 1866 288 1926 ad
307 1887 374 1928 suos
392 1867 583 1947 Discipulos,
604 1865 683 1927 sicut
696 1870 767 1930 Rex
788 1870 826 1929 ad
846 1891 936 1929 suurn
958 1870 1119 1951 populum.
1181 1873 1223 1932 Et

95 1965 246 2046 Magister
266 1963 379 2026 dicitur
398 1975 530 2046 quatuor
549 1966 662 2028 modis:
681 1967 753 2028 Uno
773 1969 864 2030 modo
878 1989 897 2028 a
911 1967 1006 2046 magis
1022 1975 1053 2028 et
1069 1979 1125 2043 ter,
1149 1969 1224 2050 quia

94 2064 243 2146 Magister
263 2073 311 2125 ter
330 2064 426 2143 magis
446 2063 536 2124 debet
551 2064 640 2141 scire,
662 2086 754 2146 quum
767 2067 901 2148 simplex
920 2086 1060 2148 persona.
1103 2070 1223 2128 Secun-

94 2164 135 2224 do
156 2162 271 2222 dicitur
291 2182 311 2222 a
323 2162 463 2244 mugiret
482 2171 602 2238 terreo,
640 2166 695 2244 qui
712 2165 858 2244 Magister
880 2165 970 2225 debet
989 2184 1053 2224 esse
1073 2166 1223 2226 terribilis

94 2262 130 2322 in
150 2270 319 2342 conspectu
337 2279 464 2322 suorum
485 2246 716 2342 discipulorum.
767 2263 878 2323 Tertio
896 2283 915 2322 a
932 2261 1027 2342 magis
1050 2274 1080 2322 et
1099 2263 1222 2340 theron,

94 2360 128 2419 id
157 2369 203 2420 est
228 2367 342 2436 status,
382 2360 454 2439 quia
483 2359 632 2438 Magister
659 2360 693 2420 in
723 2379 780 2420 suo
807 2370 887 2421 statu
915 2362 1005 2421 debet
1026 2381 1091 2420 esse
1113 2361 1221 2441 major,

93 2478 190 2539 quam
208 2455 261 2516 sui
280 2455 428 2537 discipuli.
490 2460 609 2535 Quarto
630 2478 648 2516 a
669 2459 765 2538 magis
787 2468 818 2518 et
838 2459 962 2533 sedere,
984 2459 1058 2539 qnia
1074 2461 1222 2542 Magister

92 2557 191 2617 debet
210 2575 276 2614 esse
295 2554 388 2634 major
406 2556 440 2616 in
460 2576 514 2617 sua
535 2558 621 2631 sede,
659 2576 752 2636 quam
775 2555 885 2636 aliquis
906 2576 1034 2617 suorum
1053 2558 1222 2640 discipulo-

91 2677 178 2717 rum.
223 2653 377 2714 Tuncille
395 2653 614 2736 interrogavit,
633 2656 702 2736 quis
722 2665 768 2716 est
783 2655 895 2716 autori
936 2656 1113 2736 Respondi,
1137 2657 1223 2738 quoti

92 2755 156 2832 legi
177 2752 211 2812 in
227 2751 314 2812 Vade
332 2772 458 2814 mecum.
521 2754 631 2816 Statim
658 2753 724 2834 ipse
747 2753 854 2815 ,voluit
880 2751 1108 2834 reprehendere
1128 2757 1221 2817 illum

93 2855 227 2924 librum,
251 2862 281 2909 et
299 2850 393 2924 dixit,
415 2851 496 2931 quod
509 2871 573 2911 non
588 2862 632 2914 est
646 2851 846 2916 authenticus.
866 2852 1041 2934 Respondi,
1063 2863 1097 2914 tu
1109 2855 1158 2915 vis
1168 2875 1222 2915 re·

94 2949 289 3032 prehendere
309 2949 381 3009 illos
402 2949 558 3029 antiquos,
584 2959 737 3010 ettamen
757 2961 793 3012 tu
812 2970 876 3011 non
895 2952 953 3012 scis
972 2952 1093 3012 melius.
1153 2955 1238 3034 Ego*

94 3049 252 3111 neminem
272 3047 339 3109 vidi
353 3047 502 3109 Coloniae
521 3047 748 3128 reprehendere
768 3049 860 3110 talem
880 3051 1006 3113 librum.
1067 3045 1144 3111 Non
1163 3051 1223 3118 lra-

94 3149 147 3211 bes
168 3147 411 3209 verecundiam?
453 3155 484 3206 et
511 3167 581 3206 cum
613 3145 825 3227 indignatione
851 3170 962 3231 magna
982 3149 1091 3210 recessi
1114 3149 1152 3208 ab
1173 3171 1220 3208 eo.

94 3248 134 3307 Et
154 3265 228 3326 ergo
249 3246 383 3320 notetis,
406 3243 488 3324 quod
509 3245 580 3306 volo
601 3245 703 3306 redire
725 3246 758 3305 in
775 3239 968 3320 Aln'raniam,
988 3241 1062 3327 quia
1081 3246 1126 3307 ibi
1147 3248 1220 3306 Ma·
1321 3298 1326 3309 s

94 3344 183 3424 gistri
209 3352 283 3404 sunt
301 3341 432 3402 Domini
458 3354 487 3400 et
512 3344 632 3405 merito.
692 3346 793 3404 Probo
813 3367 871 3448 per
892 3343 1113 3422 Evangelium:
1146 3344 1220 3424 qnia

95 3440 238 3502 Christnt
266 3441 359 3502 etiam
373 3441 504 3528 ¹vocavit
524 3462 557 3501 se
576 3441 773 3522 Magistrum,
809 3453 839 3502 et
860 3462 924 3503 non
944 3443 1132 3514 Doctorens,
1169 3441 1220 3500 di-

94 3555 183 3600 ceus:
226 3541 320 3613 „Vos
341 3539 455 3602 vocatis
477 3561 527 3603 me
543 3541 689 3621 Magister
707 3553 738 3602 et
753 3541 924 3614 Dominus,
964 3551 995 3599 et
1010 3540 1089 3599 bene
1105 3537 1218 3612 dicitis,

93 3658 163 3699 snm
181 3637 333 3716 etenim‘f
390 3638 451 3698 Sed
470 3659 534 3700 non
556 3661 679 3720 possum
695 3641 764 3722 plus
782 3639 930 3713 scribere,
961 3637 1034 3719 quia
1054 3657 1112 3716 pro
1133 3656 1218 3696 nunc

94 3758 160 3798 non
177 3736 278 3798 habeo
297 3736 429 3824 amplius
447 3758 616 3820 papyrum,
651 3748 682 3799 et
696 3750 741 3800 est
756 3740 883 3820 longum
903 3737 942 3800 ad
960 3738 1110 3816 Campum
1131 3735 1223 3808 flore„
1344 3791 1346 3798 ,

94 3837 214 3900 Valete.
233 3837 350 3898 Datum
365 3837 402 3897 in
412 3837 553 3898 Romana
564 3836 668 3900 Curia.
679 3846 695 3856 ''

234 4004 396 4082 Magister
415 4001 590 4082 Philippus
604 3967 712 4064 Meam
735 4005 783 4064 M.
797 4003 930 4063 Ortns'uo
952 4001 1071 4062 Gratia.

173 4138 336 4208 Humilem
366 4137 586 4224 subjectionem
603 4127 684 4200 'loeo
703 4137 827 4211 salutis,
855 4135 1040 4199 venerabilis
1062 4134 1218 4228 Magister.¹

92 4239 354 4318 Quandoquidem
381 4238 512 4319 promisi
537 4237 622 4302 vobis
646 4237 750 4298 omnia
773 4237 931 4306 scribere,
971 4235 1163 4332 quaaua'udio
1186 4241 1218 4296 et
